3180 5580
194 440 230 500 18
398 458 436 500 DE
458 457 792 502 lnuaupnuuittiontssus
814 458 955 502 NOMINUM
979 457 1207 502 HEBRMCORUM.

193 571 253 647 itte,
270 574 319 651 qui
336 570 365 633 S.
383 571 593 651 Hieronymum
613 572 792 651 compilavit,
810 571 941 632 hebraici
956 573 1103 633 sermonis
1118 590 1176 632 non
1193 589 1314 652 prorsus
1335 573 1417 649 igna-

191 688 241 728 rus
256 666 358 728 fuisse.
375 667 446 728 Nain
463 678 493 729 et
507 688 593 728 voces
608 668 726 728 adducit
741 669 896 728 nonnullas
912 687 946 728 ax
965 668 1010 728 his
1026 672 1089 746 quat
1104 667 1236 730 Hebraeis
1251 671 1420 729 tritissimae

190 774 259 824 sunt
274 771 302 824 et
317 783 439 843 quarum
456 767 589 824 notitiam
606 767 651 824 vix
667 765 784 824 aliunde
800 783 886 843 quain
904 784 938 824 ex
953 767 1080 844 propriis
1095 766 1201 825 studiis
1216 767 1323 838 hausit,
1342 784 1416 845 qua·

188 861 226 921 lia
242 871 311 921 sunt
326 881 332 920 :

186 1017 238 1071 Ach
613 1013 729 1083 αδηλφως
739 1017 746 1044 ¹
1040 1018 1124 1067 irater

186 1107 272 1158 Abbas
611 1104 693 1172 παθηρ
1040 1102 1164 1166 genitor¹

185 1194 251 1245 Asur
363 1236 366 1241 .
612 1189 777 1261 πηπηδημηος
1040 1191 1146 1241 uinctus

185 1281 276 1333 dmatti
613 1278 719 1344 αληΰηια
1041 1279 1141 1330 ueritas

184 1371 233 1420 dar
611 1368 679 1432 ληων
1039 1364 1080 1416 lec
1091 1365 1100 1393 ³

183 1457 220 1507 Ad
611 1455 685 1525 δωχα
699 1458 708 1486 ⁴
1039 1453 1123 1517 gioria

183 1546 216 1596 ds
612 1541 678 1610 βηλα
1040 1543 1136 1604 sagitta

184 1634 281 1685 amona
610 1631 701 1689 πυσθυς
1039 1631 1105 1681 fides

183 1721 245 1773 Bait]
257 1723 266 1750 ⁵
610 1717 751 1786 παρθηνιως
1040 1719 1117 1781 uirgo

184 1807 235 1859 Ben
252 1807 296 1858 uel
311 1806 359 1858 har
611 1824 670 1866 υιως
1039 1805 1110 1857 sstius

184 1896 284 1949 Bachor
610 1894 791 1962 πρωθωθωκως
1038 1896 1232 1959 primogenitus

185 1985 283 2038 Bethen
609 1984 704 2054 γασθηρ
1039 1988 1135 2035 uenter

183 2074 256 2125 Garm
612 2071 728 2136 ανπηλως
739 2075 748 2102 ⁸
1039 2073 1117 2124 uinea

184 2163 250 2214 Gor'
611 2178 691 2229 γηνηα
1038 2161 1177 2224 generatio

183 2250 230 2302 Hel
613 2248 677 2312 θηως
1037 2249 1104 2300 deus

184 2340 228 2390 Em
611 2354 693 2405 μηγηρ
1036 2340 1123 2388 mater

184 2425 248 2477 itaer
611 2423 713 2491 βωηθως
1037 2424 1143 2476 adiutor

609 2517 708 2582 ιμιρυς·
1036 2514 1121 2575 gratia

609 2617 658 2668 πυρ
1037 2601 1108 2664 ignis

611 2688 726 2755 ασθραπα
1037 2687 1130 2752 fulgur

611 2777 698 2848 λυχνω
1037 2776 1148 2829 lucerna

609 2883 721 2935 χρυσίων
1037 2880 1132 2917 ausum

611 2973 672 3023 σχυς
1038 2955 1165 3008 tortitudo

612 3059 672 3109 ανηρ
1038 3045 1080 3093 uir

1038 3130 1138 3180 candor

611 3233 680 3283 πρως
1037 3218 1071 3268 ad

610 3303 651 3362 θυς
1037 3303 1098 3370 quis

609 3389 730 3454 σπηληων
1037 3394 1166 3458 spelunca

610 3497 671 3544 συκη
1036 3483 1124 3533 anima

609 3568 708 3627 πυσθως
1036 3567 1123 3623 tidelis

609 3673 730 3726 σκημωνα
1036 3657 1238 3711 tabernaculum

610 3744 773 3807 δυὸασκαλως
1035 3747 1164 3810 magister

220 4041 246 4090 2.
263 4037 322 4091 Tur.
342 4053 447 4105 επατηρ
462 4041 542 4104 pater.

221 4114 245 4163 3.
263 4108 302 4161 sn
317 4124 361 4175 pro
376 4111 426 4162 teo.
443 4107 501 4162 Tur.
520 4124 525 4160 :
542 4107 574 4160 Ar
588 4105 649 4171 ληον
664 4108 712 4160 teo.

220 4183 245 4233 d.
263 4178 322 4233 Tur.
339 4194 347 4231 t
363 4176 434 4239 δοξα.

221 4256 245 4303 5.
261 4249 300 4303 Sic
314 4265 358 4317 pro
373 4252 478 4304 Betuta.

220 4327 246 4375 6.
265 4324 290 4373 1¹
304 4337 338 4375 m.
357 4337 363 4372 :
382 4318 504 4385 ανθηλως,

222 4397 247 4445 7.
265 4392 326 4457 Lege
339 4395 405 4446 Dor.

222 4470 247 4517 8.
267 4464 292 4514 1¹
307 4479 341 4516 tn.
360 4478 365 4513 :
382 4478 476 4531 χαρυρ.

221 4539 247 4588 9.
264 4535 303 4586 Sic
318 4535 404 4586 forsan
417 4547 462 4596 pro
477 4534 522 4586 Ει.

223 4608 264 4658 td.
280 4605 318 4655 Sic
334 4619 378 4669 pro
392 4606 488 4658 Barac.

223 4678 265 4730 tt.
281 4674 320 4726 Sic
335 4688 379 4739 pro
393 4677 453 4725 Nar.

224 4763 266 4818 12.
284 4748 357 4813 ltalia.
377 4746 450 4826 zm.
