<?xml version="1.0" encoding="UTF-8"?>
<!DOCTYPE html PUBLIC "-//W3C//DTD XHTML 1.0 Transitional//EN"
    "http://www.w3.org/TR/xhtml1/DTD/xhtml1-transitional.dtd">
<html xmlns="http://www.w3.org/1999/xhtml" xml:lang="en" lang="en">
 <head>
  <title>
</title>
<meta http-equiv="Content-Type" content="text/html;charset=utf-8" />
  <meta name='ocr-system' content='tesseract 3.04.00' />
  <meta name='ocr-capabilities' content='ocr_page ocr_carea ocr_par ocr_line ocrx_word'/>
</head>
<body>
  <div class='ocr_page' id='page_1' title='image "./quamnotitiamlin00berggoog_0013.png"; bbox 0 0 3180 5580; ppageno 0'>
   <div class='ocr_carea' id='block_1_1' title="bbox 194 473 885 520">
    <p class='ocr_par' dir='ltr' id='par_1_1' title="bbox 194 473 885 520">
     <span class='ocr_line' id='line_1_1' title="bbox 194 473 885 520; baseline 0 -2"><span class='ocrx_word' id='word_1_1' title='bbox 194 474 248 518; x_wconf 87' lang='lat' dir='ltr'>VIII</span> <span class='ocrx_word' id='word_1_2' title='bbox 718 473 885 520; x_wconf 76' lang='lat' dir='ltr'><strong>PRAEFAI&#39;IO.</strong></span> 
     </span>
    </p>
   </div>
   <div class='ocr_carea' id='block_1_2' title="bbox 134 615 1410 4856">
    <p class='ocr_par' dir='ltr' id='par_1_2' title="bbox 134 615 1410 1623">
     <span class='ocr_line' id='line_1_2' title="bbox 193 615 1410 706; baseline 0.002 -24"><span class='ocrx_word' id='word_1_3' title='bbox 193 615 299 684; x_wconf 91' lang='lat' dir='ltr'><strong>minus</strong></span> <span class='ocrx_word' id='word_1_4' title='bbox 313 617 410 685; x_wconf 91' lang='lat' dir='ltr'><strong>lsrael</strong></span> <span class='ocrx_word' id='word_1_5' title='bbox 424 617 516 705; x_wconf 85' lang='lat' dir='ltr'><strong>Levy,</strong></span> <span class='ocrx_word' id='word_1_6' title='bbox 534 615 567 683; x_wconf 92' lang='lat' dir='ltr'><strong>in</strong></span> <span class='ocrx_word' id='word_1_7' title='bbox 582 617 695 685; x_wconf 91' lang='lat' dir='ltr'><strong>eadem</strong></span> <span class='ocrx_word' id='word_1_8' title='bbox 710 617 819 685; x_wconf 88' lang='lat' dir='ltr'><strong>schola</strong></span> <span class='ocrx_word' id='word_1_9' title='bbox 841 618 971 698; x_wconf 90' lang='lat' dir='ltr'><strong>docens,</strong></span> <span class='ocrx_word' id='word_1_10' title='bbox 990 626 1021 684; x_wconf 92' lang='lat' dir='ltr'><strong>et</strong></span> <span class='ocrx_word' id='word_1_11' title='bbox 1036 617 1105 706; x_wconf 91' lang='lat' dir='ltr'><strong>ipse</strong></span> <span class='ocrx_word' id='word_1_12' title='bbox 1120 638 1230 686; x_wconf 90' lang='lat' dir='ltr'><strong>rerum</strong></span> <span class='ocrx_word' id='word_1_13' title='bbox 1246 617 1410 687; x_wconf 80' lang='lat' dir='ltr'><strong>Talmudi-</strong></span> 
     </span>
     <span class='ocr_line' id='line_1_3' title="bbox 134 723 1409 820; baseline 0 -19"><span class='ocrx_word' id='word_1_14' title='bbox 134 723 140 731; x_wconf 58' lang='lat'>‘</span> <span class='ocrx_word' id='word_1_15' title='bbox 192 753 302 801; x_wconf 89' lang='lat' dir='ltr'><strong>corum</strong></span> <span class='ocrx_word' id='word_1_16' title='bbox 318 731 638 820; x_wconf 74' lang='lat' dir='ltr'><strong>intelligentissimus.</strong></span> <span class='ocrx_word' id='word_1_17' title='bbox 655 732 725 800; x_wconf 93' lang='lat' dir='ltr'><strong>Non</strong></span> <span class='ocrx_word' id='word_1_18' title='bbox 740 732 825 800; x_wconf 91' lang='lat' dir='ltr'><strong>enlm</strong></span> <span class='ocrx_word' id='word_1_19' title='bbox 842 743 964 800; x_wconf 88' lang='lat' dir='ltr'><strong>tantum</strong></span> <span class='ocrx_word' id='word_1_20' title='bbox 980 732 1058 800; x_wconf 92' lang='lat' dir='ltr'><strong>mihi</strong></span> <span class='ocrx_word' id='word_1_21' title='bbox 1073 733 1275 801; x_wconf 86' lang='lat' dir='ltr'><strong>confidebam</strong></span> <span class='ocrx_word' id='word_1_22' title='bbox 1292 748 1326 800; x_wconf 91' lang='lat' dir='ltr'><strong>ut</strong></span> <span class='ocrx_word' id='word_1_23' title='bbox 1341 733 1409 802; x_wconf 90' lang='lat' dir='ltr'><strong>sine</strong></span> 
     </span>
     <span class='ocr_line' id='line_1_4' title="bbox 192 835 1408 938; baseline 0.001 -22"><span class='ocrx_word' id='word_1_24' title='bbox 192 848 328 917; x_wconf 91' lang='lat' dir='ltr'><strong>ducibus</strong></span> <span class='ocrx_word' id='word_1_25' title='bbox 339 846 538 936; x_wconf 70' lang='lat' dir='ltr'><strong>peritissimis</strong></span> <span class='ocrx_word' id='word_1_26' title='bbox 549 848 709 915; x_wconf 88' lang='lat' dir='ltr'><strong>rabbinica</strong></span> <span class='ocrx_word' id='word_1_27' title='bbox 722 847 826 916; x_wconf 92' lang='lat' dir='ltr'><strong>studia</strong></span> <span class='ocrx_word' id='word_1_28' title='bbox 841 849 890 916; x_wconf 89' lang='lat' dir='ltr'><strong>vel</strong></span> <span class='ocrx_word' id='word_1_29' title='bbox 907 859 1085 935; x_wconf 82' lang='lat' dir='ltr'><strong>tangerem,</strong></span> <span class='ocrx_word' id='word_1_30' title='bbox 1099 835 1186 938; x_wconf 89' lang='lat' dir='ltr'><strong>quod</strong></span> <span class='ocrx_word' id='word_1_31' title='bbox 1201 849 1294 917; x_wconf 91' lang='lat' dir='ltr'><strong>nobis</strong></span> <span class='ocrx_word' id='word_1_32' title='bbox 1308 850 1408 917; x_wconf 91' lang='lat' dir='ltr'><strong>chris·</strong></span> 
     </span>
     <span class='ocr_line' id='line_1_5' title="bbox 192 961 1405 1052; baseline 0.002 -21"><span class='ocrx_word' id='word_1_33' title='bbox 192 963 297 1046; x_wconf 84' lang='lat' dir='ltr'><strong>tianis,</strong></span> <span class='ocrx_word' id='word_1_34' title='bbox 309 972 344 1030; x_wconf 93' lang='lat' dir='ltr'><strong>ut</strong></span> <span class='ocrx_word' id='word_1_35' title='bbox 360 984 418 1051; x_wconf 90' lang='lat' dir='ltr'><strong>par</strong></span> <span class='ocrx_word' id='word_1_36' title='bbox 433 973 492 1046; x_wconf 91' lang='lat' dir='ltr'><strong>est,</strong></span> <span class='ocrx_word' id='word_1_37' title='bbox 508 961 708 1051; x_wconf 82' lang='lat' dir='ltr'><strong>paucissimis</strong></span> <span class='ocrx_word' id='word_1_38' title='bbox 724 964 875 1052; x_wconf 88' lang='lat' dir='ltr'><strong>exceptis,</strong></span> <span class='ocrx_word' id='word_1_39' title='bbox 892 962 960 1031; x_wconf 89' lang='lat' dir='ltr'><strong>lere</strong></span> <span class='ocrx_word' id='word_1_40' title='bbox 971 962 1204 1052; x_wconf 85' lang='lat' dir='ltr'><strong>inexploratum</strong></span> <span class='ocrx_word' id='word_1_41' title='bbox 1222 974 1270 1032; x_wconf 91' lang='lat' dir='ltr'><strong>est</strong></span> <span class='ocrx_word' id='word_1_42' title='bbox 1283 985 1405 1052; x_wconf 84' lang='lat' dir='ltr'><strong>aequor.</strong></span> 
     </span>
     <span class='ocr_line' id='line_1_6' title="bbox 191 1077 1407 1166; baseline -0.001 -19"><span class='ocrx_word' id='word_1_43' title='bbox 191 1078 272 1147; x_wconf 87' lang='lat' dir='ltr'><strong>Sunt</strong></span> <span class='ocrx_word' id='word_1_44' title='bbox 286 1088 393 1145; x_wconf 85' lang='lat' dir='ltr'><strong>tamen</strong></span> <span class='ocrx_word' id='word_1_45' title='bbox 409 1078 491 1145; x_wconf 87' lang='lat' dir='ltr'><strong>inter</strong></span> <span class='ocrx_word' id='word_1_46' title='bbox 507 1099 564 1145; x_wconf 90' lang='lat' dir='ltr'><strong>nos</strong></span> <span class='ocrx_word' id='word_1_47' title='bbox 579 1077 634 1166; x_wconf 86' lang='lat' dir='ltr'><strong>qui</strong></span> <span class='ocrx_word' id='word_1_48' title='bbox 650 1077 793 1146; x_wconf 84' lang='lat' dir='ltr'><strong>historiae</strong></span> <span class='ocrx_word' id='word_1_49' title='bbox 808 1078 989 1146; x_wconf 88' lang='lat' dir='ltr'><strong>litterarum</strong></span> <span class='ocrx_word' id='word_1_50' title='bbox 1004 1078 1229 1146; x_wconf 83' lang='lat' dir='ltr'><strong>hebraicarum</strong></span> <span class='ocrx_word' id='word_1_51' title='bbox 1252 1100 1315 1146; x_wconf 91' lang='lat' dir='ltr'><strong>non</strong></span> <span class='ocrx_word' id='word_1_52' title='bbox 1330 1079 1407 1146; x_wconf 90' lang='lat' dir='ltr'><strong>nihil</strong></span> 
     </span>
     <span class='ocr_line' id='line_1_7' title="bbox 191 1193 1406 1283; baseline 0 -21"><span class='ocrx_word' id='word_1_53' title='bbox 191 1195 413 1275; x_wconf 90' lang='lat' dir='ltr'><strong>contulerunt;</strong></span> <span class='ocrx_word' id='word_1_54' title='bbox 431 1194 516 1262; x_wconf 90' lang='lat' dir='ltr'><strong>inter</strong></span> <span class='ocrx_word' id='word_1_55' title='bbox 530 1215 611 1283; x_wconf 91' lang='lat' dir='ltr'><strong>quos</strong></span> <span class='ocrx_word' id='word_1_56' title='bbox 627 1214 727 1261; x_wconf 92' lang='lat' dir='ltr'><strong>unum</strong></span> <span class='ocrx_word' id='word_1_57' title='bbox 742 1193 794 1260; x_wconf 94' lang='lat' dir='ltr'><strong>hic</strong></span> <span class='ocrx_word' id='word_1_58' title='bbox 809 1194 966 1263; x_wconf 82' lang='lat' dir='ltr'><strong>adducam</strong></span> <span class='ocrx_word' id='word_1_59' title='bbox 988 1195 1025 1262; x_wconf 88' lang='lat' dir='ltr'><strong>ll.</strong></span> <span class='ocrx_word' id='word_1_60' title='bbox 1042 1194 1175 1278; x_wconf 88' lang='lat' dir='ltr'><strong>Denille,</strong></span> <span class='ocrx_word' id='word_1_61' title='bbox 1193 1195 1271 1265; x_wconf 88' lang='lat' dir='ltr'><strong>Ord.</strong></span> <span class='ocrx_word' id='word_1_62' title='bbox 1288 1195 1406 1279; x_wconf 87' lang='lat' dir='ltr'><strong>Praed,</strong></span> 
     </span>
     <span class='ocr_line' id='line_1_8' title="bbox 191 1308 1408 1399; baseline -0.001 -22"><span class='ocrx_word' id='word_1_63' title='bbox 191 1311 246 1399; x_wconf 89' lang='lat' dir='ltr'><strong>qui</strong></span> <span class='ocrx_word' id='word_1_64' title='bbox 267 1310 343 1377; x_wconf 93' lang='lat' dir='ltr'><strong>mihi</strong></span> <span class='ocrx_word' id='word_1_65' title='bbox 371 1309 618 1396; x_wconf 87' lang='lat' dir='ltr'><strong>praesentissimo</strong></span> <span class='ocrx_word' id='word_1_66' title='bbox 636 1309 753 1376; x_wconf 85' lang='lat' dir='ltr'><strong>auxilio</strong></span> <span class='ocrx_word' id='word_1_67' title='bbox 774 1308 816 1376; x_wconf 91' lang='lat' dir='ltr'><strong>ita</strong></span> <span class='ocrx_word' id='word_1_68' title='bbox 839 1308 1012 1398; x_wconf 90' lang='lat' dir='ltr'><strong>opitulatus</strong></span> <span class='ocrx_word' id='word_1_69' title='bbox 1035 1320 1093 1389; x_wconf 91' lang='lat' dir='ltr'><strong>est,</strong></span> <span class='ocrx_word' id='word_1_70' title='bbox 1114 1318 1151 1376; x_wconf 93' lang='lat' dir='ltr'><strong>ut</strong></span> <span class='ocrx_word' id='word_1_71' title='bbox 1175 1309 1224 1375; x_wconf 84' lang='lat' dir='ltr'><strong>vix</strong></span> <span class='ocrx_word' id='word_1_72' title='bbox 1243 1311 1408 1378; x_wconf 89' lang='lat' dir='ltr'><strong>declarare</strong></span> 
     </span>
     <span class='ocr_line' id='line_1_9' title="bbox 191 1425 1406 1514; baseline -0.001 -21"><span class='ocrx_word' id='word_1_73' title='bbox 191 1425 322 1513; x_wconf 89' lang='lat' dir='ltr'><strong>possim.</strong></span> <span class='ocrx_word' id='word_1_74' title='bbox 339 1425 450 1513; x_wconf 84' lang='lat' dir='ltr'><strong>Neque</strong></span> <span class='ocrx_word' id='word_1_75' title='bbox 465 1425 560 1494; x_wconf 90' lang='lat' dir='ltr'><strong>etiam</strong></span> <span class='ocrx_word' id='word_1_76' title='bbox 577 1425 655 1491; x_wconf 95' lang='lat' dir='ltr'><strong>mihi</strong></span> <span class='ocrx_word' id='word_1_77' title='bbox 675 1425 986 1514; x_wconf 87' lang='lat' dir='ltr'><strong>praetermittendum</strong></span> <span class='ocrx_word' id='word_1_78' title='bbox 1003 1435 1064 1507; x_wconf 86' lang='lat' dir='ltr'><strong>est,</strong></span> <span class='ocrx_word' id='word_1_79' title='bbox 1080 1436 1235 1514; x_wconf 84' lang='lat' dir='ltr'><strong>quantum</strong></span> <span class='ocrx_word' id='word_1_80' title='bbox 1251 1425 1406 1493; x_wconf 88' lang='lat' dir='ltr'><strong>doetrinae</strong></span> 
     </span>
     <span class='ocr_line' id='line_1_10' title="bbox 191 1539 1233 1623; baseline -0.001 -15"><span class='ocrx_word' id='word_1_81' title='bbox 191 1552 223 1608; x_wconf 88' lang='lat' dir='ltr'><strong>et</strong></span> <span class='ocrx_word' id='word_1_82' title='bbox 236 1541 384 1609; x_wconf 83' lang='lat' dir='ltr'><strong>amicitiae</strong></span> <span class='ocrx_word' id='word_1_83' title='bbox 398 1543 432 1608; x_wconf 86' lang='lat' dir='ltr'><strong>L.</strong></span> <span class='ocrx_word' id='word_1_84' title='bbox 450 1543 561 1623; x_wconf 90' lang='lat' dir='ltr'><strong>Havet,</strong></span> <span class='ocrx_word' id='word_1_85' title='bbox 578 1540 605 1608; x_wconf 87' lang='lat' dir='ltr'><strong>l.</strong></span> <span class='ocrx_word' id='word_1_86' title='bbox 624 1541 744 1608; x_wconf 90' lang='lat' dir='ltr'><strong>blartha</strong></span> <span class='ocrx_word' id='word_1_87' title='bbox 760 1551 792 1609; x_wconf 87' lang='lat' dir='ltr'><strong>et</strong></span> <span class='ocrx_word' id='word_1_88' title='bbox 806 1541 891 1608; x_wconf 87' lang='lat' dir='ltr'><strong>AEm.</strong></span> <span class='ocrx_word' id='word_1_89' title='bbox 908 1539 1069 1608; x_wconf 85' lang='lat' dir='ltr'><strong>Chatelain</strong></span> <span class='ocrx_word' id='word_1_90' title='bbox 1086 1539 1233 1608; x_wconf 90' lang='lat' dir='ltr'><strong>debeam.</strong></span> 
     </span>
    </p>

    <p class='ocr_par' dir='ltr' id='par_1_3' title="bbox 181 1655 1408 4856">
     <span class='ocr_line' id='line_1_11' title="bbox 235 1655 1408 1744; baseline -0.001 -20"><span class='ocrx_word' id='word_1_91' title='bbox 235 1658 351 1725; x_wconf 88' lang='lat' dir='ltr'><strong>Verum</strong></span> <span class='ocrx_word' id='word_1_92' title='bbox 367 1678 419 1724; x_wconf 92' lang='lat' dir='ltr'><strong>res</strong></span> <span class='ocrx_word' id='word_1_93' title='bbox 433 1657 501 1743; x_wconf 91' lang='lat' dir='ltr'><strong>ipsa</strong></span> <span class='ocrx_word' id='word_1_94' title='bbox 514 1655 666 1744; x_wconf 89' lang='lat' dir='ltr'><strong>poscebat</strong></span> <span class='ocrx_word' id='word_1_95' title='bbox 681 1667 717 1723; x_wconf 94' lang='lat' dir='ltr'><strong>ut</strong></span> <span class='ocrx_word' id='word_1_96' title='bbox 730 1655 1007 1723; x_wconf 88' lang='lat' dir='ltr'><strong>lucubrationibus</strong></span> <span class='ocrx_word' id='word_1_97' title='bbox 1022 1655 1103 1723; x_wconf 91' lang='lat' dir='ltr'><strong>meis</strong></span> <span class='ocrx_word' id='word_1_98' title='bbox 1119 1667 1225 1723; x_wconf 86' lang='lat' dir='ltr'><strong>certos</strong></span> <span class='ocrx_word' id='word_1_99' title='bbox 1235 1656 1325 1744; x_wconf 86' lang='lat' dir='ltr'><strong>quasi</strong></span> <span class='ocrx_word' id='word_1_100' title='bbox 1342 1665 1408 1723; x_wconf 92' lang='lat' dir='ltr'><strong>ter-</strong></span> 
     </span>
     <span class='ocr_line' id='line_1_12' title="bbox 191 1769 1405 1860; baseline 0 -22"><span class='ocrx_word' id='word_1_101' title='bbox 191 1771 294 1839; x_wconf 89' lang='lat' dir='ltr'><strong>minos</strong></span> <span class='ocrx_word' id='word_1_102' title='bbox 309 1792 478 1860; x_wconf 88' lang='lat' dir='ltr'><strong>ponerem.</strong></span> <span class='ocrx_word' id='word_1_103' title='bbox 496 1772 626 1839; x_wconf 83' lang='lat' dir='ltr'><strong>Vetabat</strong></span> <span class='ocrx_word' id='word_1_104' title='bbox 641 1770 771 1838; x_wconf 91' lang='lat' dir='ltr'><strong>omnino</strong></span> <span class='ocrx_word' id='word_1_105' title='bbox 787 1769 948 1860; x_wconf 88' lang='lat' dir='ltr'><strong>imperitia</strong></span> <span class='ocrx_word' id='word_1_106' title='bbox 967 1770 1147 1838; x_wconf 88' lang='lat' dir='ltr'><strong>litterarum</strong></span> <span class='ocrx_word' id='word_1_107' title='bbox 1161 1771 1405 1838; x_wconf 88' lang='lat' dir='ltr'><strong>talmudicarum</strong></span> 
     </span>
     <span class='ocr_line' id='line_1_13' title="bbox 189 1869 1408 1972; baseline 0.002 -21"><span class='ocrx_word' id='word_1_108' title='bbox 189 1907 230 1954; x_wconf 94' lang='lat' dir='ltr'><strong>ne</strong></span> <span class='ocrx_word' id='word_1_109' title='bbox 240 1897 334 1954; x_wconf 81' lang='lat' dir='ltr'><strong>extra</strong></span> <span class='ocrx_word' id='word_1_110' title='bbox 349 1885 516 1954; x_wconf 87' lang='lat' dir='ltr'><strong>catholicae</strong></span> <span class='ocrx_word' id='word_1_111' title='bbox 528 1886 671 1954; x_wconf 88' lang='lat' dir='ltr'><strong>ecclesiae</strong></span> <span class='ocrx_word' id='word_1_112' title='bbox 687 1886 766 1953; x_wconf 86' lang='lat' dir='ltr'><strong>fines</strong></span> <span class='ocrx_word' id='word_1_113' title='bbox 782 1905 947 1972; x_wconf 89' lang='lat' dir='ltr'><strong>evagarer.</strong></span> <span class='ocrx_word' id='word_1_114' title='bbox 965 1886 1009 1953; x_wconf 89' lang='lat' dir='ltr'><strong>lta</strong></span> <span class='ocrx_word' id='word_1_115' title='bbox 1024 1884 1121 1954; x_wconf 87' lang='lat' dir='ltr'><strong>fiebat</strong></span> <span class='ocrx_word' id='word_1_116' title='bbox 1136 1896 1172 1953; x_wconf 91' lang='lat' dir='ltr'><strong>ut</strong></span> <span class='ocrx_word' id='word_1_117' title='bbox 1186 1885 1264 1952; x_wconf 93' lang='lat' dir='ltr'><strong>mihi</strong></span> <span class='ocrx_word' id='word_1_118' title='bbox 1281 1907 1322 1953; x_wconf 91' lang='lat' dir='ltr'><strong>ne</strong></span> <span class='ocrx_word' id='word_1_119' title='bbox 1338 1869 1408 1953; x_wconf 78' lang='lat' dir='ltr'><strong>rer·</strong></span> 
     </span>
     <span class='ocr_line' id='line_1_14' title="bbox 189 1999 1407 2090; baseline 0.002 -22"><span class='ocrx_word' id='word_1_120' title='bbox 189 2003 268 2069; x_wconf 94' lang='lat' dir='ltr'><strong>bum</strong></span> <span class='ocrx_word' id='word_1_121' title='bbox 284 2001 415 2090; x_wconf 84' lang='lat' dir='ltr'><strong>quidem</strong></span> <span class='ocrx_word' id='word_1_122' title='bbox 431 2001 602 2069; x_wconf 86' lang='lat' dir='ltr'><strong>dicendum</strong></span> <span class='ocrx_word' id='word_1_123' title='bbox 614 2010 698 2069; x_wconf 92' lang='lat' dir='ltr'><strong>esset</strong></span> <span class='ocrx_word' id='word_1_124' title='bbox 713 2001 752 2068; x_wconf 92' lang='lat' dir='ltr'><strong>de</strong></span> <span class='ocrx_word' id='word_1_125' title='bbox 767 1999 930 2088; x_wconf 85' lang='lat' dir='ltr'><strong>glossariis</strong></span> <span class='ocrx_word' id='word_1_126' title='bbox 940 1999 1002 2068; x_wconf 93' lang='lat' dir='ltr'><strong>illis</strong></span> <span class='ocrx_word' id='word_1_127' title='bbox 1015 2000 1350 2090; x_wconf 81' lang='lat' dir='ltr'><strong>hebraico-gallicanis</strong></span> <span class='ocrx_word' id='word_1_128' title='bbox 1367 2002 1407 2070; x_wconf 90' lang='lat' dir='ltr'><strong>de</strong></span> 
     </span>
     <span class='ocr_line' id='line_1_15' title="bbox 189 2114 1404 2206; baseline -0.001 -22"><span class='ocrx_word' id='word_1_129' title='bbox 189 2117 320 2206; x_wconf 90' lang='lat' dir='ltr'><strong>quibus,</strong></span> <span class='ocrx_word' id='word_1_130' title='bbox 338 2126 410 2205; x_wconf 92' lang='lat' dir='ltr'><strong>post</strong></span> <span class='ocrx_word' id='word_1_131' title='bbox 420 2117 471 2183; x_wconf 88' lang='lat' dir='ltr'><strong>Fr.</strong></span> <span class='ocrx_word' id='word_1_132' title='bbox 490 2115 660 2199; x_wconf 86' lang='lat' dir='ltr'><strong>Ilelitzsch,</strong></span> <span class='ocrx_word' id='word_1_133' title='bbox 672 2117 709 2183; x_wconf 85' lang='grc' dir='ltr'><strong>Α.</strong></span> <span class='ocrx_word' id='word_1_134' title='bbox 722 2115 940 2183; x_wconf 87' lang='lat' dir='ltr'><strong>Darmesteter</strong></span> <span class='ocrx_word' id='word_1_135' title='bbox 950 2126 1015 2184; x_wconf 90' lang='lat' dir='ltr'><strong>tam</strong></span> <span class='ocrx_word' id='word_1_136' title='bbox 1028 2114 1404 2204; x_wconf 89' lang='lat' dir='ltr'><strong>luculenterdisputavit.</strong></span> 
     </span>
     <span class='ocr_line' id='line_1_16' title="bbox 189 2230 1406 2320; baseline -0.002 -19"><span class='ocrx_word' id='word_1_137' title='bbox 189 2232 419 2302; x_wconf 85' lang='lat' dir='ltr'><strong>Glossaeetiam</strong></span> <span class='ocrx_word' id='word_1_138' title='bbox 440 2232 503 2298; x_wconf 90' lang='lat' dir='ltr'><strong>illae</strong></span> <span class='ocrx_word' id='word_1_139' title='bbox 525 2230 701 2318; x_wconf 89' lang='lat' dir='ltr'><strong>gallicanae,</strong></span> <span class='ocrx_word' id='word_1_140' title='bbox 723 2231 841 2319; x_wconf 90' lang='lat' dir='ltr'><strong>quibus</strong></span> <span class='ocrx_word' id='word_1_141' title='bbox 855 2241 976 2298; x_wconf 89' lang='lat' dir='ltr'><strong>scatent</strong></span> <span class='ocrx_word' id='word_1_142' title='bbox 996 2230 1226 2298; x_wconf 89' lang='lat' dir='ltr'><strong>commentaria</strong></span> <span class='ocrx_word' id='word_1_143' title='bbox 1250 2231 1406 2320; x_wconf 86' lang='lat' dir='ltr'><strong>principis</strong></span> 
     </span>
     <span class='ocr_line' id='line_1_17' title="bbox 188 2344 1408 2433; baseline -0.001 -19"><span class='ocrx_word' id='word_1_144' title='bbox 188 2346 273 2414; x_wconf 92' lang='lat' dir='ltr'><strong>illius</strong></span> <span class='ocrx_word' id='word_1_145' title='bbox 282 2344 487 2433; x_wconf 86' lang='lat' dir='ltr'><strong>judaicorum</strong></span> <span class='ocrx_word' id='word_1_146' title='bbox 508 2355 726 2432; x_wconf 76' lang='lat' dir='ltr'><strong>exegetarum,</strong></span> <span class='ocrx_word' id='word_1_147' title='bbox 748 2345 927 2413; x_wconf 88' lang='lat' dir='ltr'><strong>Salomonis</strong></span> <span class='ocrx_word' id='word_1_148' title='bbox 946 2344 1106 2426; x_wconf 88' lang='lat' dir='ltr'><strong>Isaacidae,</strong></span> <span class='ocrx_word' id='word_1_149' title='bbox 1130 2345 1186 2433; x_wconf 86' lang='lat' dir='ltr'><strong>qui</strong></span> <span class='ocrx_word' id='word_1_150' title='bbox 1201 2346 1295 2412; x_wconf 90' lang='lat' dir='ltr'><strong>nobis</strong></span> <span class='ocrx_word' id='word_1_151' title='bbox 1318 2367 1408 2413; x_wconf 91' lang='lat' dir='ltr'><strong>com-</strong></span> 
     </span>
     <span class='ocr_line' id='line_1_18' title="bbox 189 2458 1403 2548; baseline -0.001 -19"><span class='ocrx_word' id='word_1_152' title='bbox 189 2461 279 2529; x_wconf 92' lang='lat' dir='ltr'><strong>muni</strong></span> <span class='ocrx_word' id='word_1_153' title='bbox 294 2481 443 2528; x_wconf 91' lang='lat' dir='ltr'><strong>sermone</strong></span> <span class='ocrx_word' id='word_1_154' title='bbox 465 2458 580 2528; x_wconf 85' lang='lat' dir='ltr'><strong>Raschi</strong></span> <span class='ocrx_word' id='word_1_155' title='bbox 599 2458 726 2542; x_wconf 87' lang='lat' dir='ltr'><strong>dicitur,</strong></span> <span class='ocrx_word' id='word_1_156' title='bbox 749 2469 836 2525; x_wconf 80' lang='lat' dir='ltr'><strong>extra</strong></span> <span class='ocrx_word' id='word_1_157' title='bbox 855 2469 1002 2526; x_wconf 90' lang='lat' dir='ltr'><strong>nostrum</strong></span> <span class='ocrx_word' id='word_1_158' title='bbox 1024 2469 1230 2548; x_wconf 90' lang='lat' dir='ltr'><strong>prospectum</strong></span> <span class='ocrx_word' id='word_1_159' title='bbox 1243 2459 1403 2548; x_wconf 87' lang='lat' dir='ltr'><strong>jacebant.</strong></span> 
     </span>
     <span class='ocr_line' id='line_1_19' title="bbox 190 2572 1407 2663; baseline -0.001 -20"><span class='ocrx_word' id='word_1_160' title='bbox 190 2575 275 2654; x_wconf 84' lang='lat' dir='ltr'><strong>Quas</strong></span> <span class='ocrx_word' id='word_1_161' title='bbox 289 2574 446 2663; x_wconf 88' lang='lat' dir='ltr'><strong>glossulas</strong></span> <span class='ocrx_word' id='word_1_162' title='bbox 461 2573 660 2656; x_wconf 89' lang='lat' dir='ltr'><strong>vernaculas,</strong></span> <span class='ocrx_word' id='word_1_163' title='bbox 676 2573 817 2640; x_wconf 91' lang='lat' dir='ltr'><strong>rabbinis</strong></span> <span class='ocrx_word' id='word_1_164' title='bbox 838 2574 958 2641; x_wconf 77' lang='lat' dir='ltr'><strong>loozc&#39;m</strong></span> <span class='ocrx_word' id='word_1_165' title='bbox 972 2572 1083 2657; x_wconf 89' lang='lat' dir='ltr'><strong>dictas,</strong></span> <span class='ocrx_word' id='word_1_166' title='bbox 1102 2574 1187 2641; x_wconf 93' lang='lat' dir='ltr'><strong>idem</strong></span> <span class='ocrx_word' id='word_1_167' title='bbox 1204 2576 1241 2642; x_wconf 87' lang='grc' dir='ltr'><strong>Α.</strong></span> <span class='ocrx_word' id='word_1_168' title='bbox 1258 2574 1407 2644; x_wconf 86' lang='lat' dir='ltr'><strong>Durmes·</strong></span> 
     </span>
     <span class='ocr_line' id='line_1_20' title="bbox 189 2686 1407 2777; baseline 0 -19"><span class='ocrx_word' id='word_1_169' title='bbox 189 2701 273 2759; x_wconf 91' lang='lat' dir='ltr'><strong>teter</strong></span> <span class='ocrx_word' id='word_1_170' title='bbox 285 2711 334 2772; x_wconf 91' lang='lat' dir='ltr'><strong>ea,</strong></span> <span class='ocrx_word' id='word_1_171' title='bbox 347 2710 409 2777; x_wconf 88' lang='lat' dir='ltr'><strong>qua</strong></span> <span class='ocrx_word' id='word_1_172' title='bbox 421 2700 501 2772; x_wconf 90' lang='lat' dir='ltr'><strong>erat,</strong></span> <span class='ocrx_word' id='word_1_173' title='bbox 514 2687 695 2757; x_wconf 82' lang='lat' dir='ltr'><strong>eruditione</strong></span> <span class='ocrx_word' id='word_1_174' title='bbox 710 2686 743 2755; x_wconf 92' lang='lat' dir='ltr'><strong>in</strong></span> <span class='ocrx_word' id='word_1_175' title='bbox 757 2689 863 2756; x_wconf 89' lang='lat' dir='ltr'><strong>lucem</strong></span> <span class='ocrx_word' id='word_1_176' title='bbox 874 2689 1021 2757; x_wconf 85' lang='lat' dir='ltr'><strong>editurus</strong></span> <span class='ocrx_word' id='word_1_177' title='bbox 1032 2698 1112 2756; x_wconf 90' lang='lat' dir='ltr'><strong>erat.</strong></span> <span class='ocrx_word' id='word_1_178' title='bbox 1125 2688 1189 2757; x_wconf 84' lang='lat' dir='ltr'><strong>Sed</strong></span> <span class='ocrx_word' id='word_1_179' title='bbox 1199 2689 1267 2758; x_wconf 86' lang='lat' dir='ltr'><strong>haec</strong></span> <span class='ocrx_word' id='word_1_180' title='bbox 1280 2690 1407 2758; x_wconf 87' lang='lat' dir='ltr'><strong>Iudaeo·</strong></span> 
     </span>
     <span class='ocr_line' id='line_1_21' title="bbox 188 2802 1405 2893; baseline 0.002 -21"><span class='ocrx_word' id='word_1_181' title='bbox 188 2826 259 2873; x_wconf 88' lang='lat' dir='ltr'><strong>rum</strong></span> <span class='ocrx_word' id='word_1_182' title='bbox 288 2803 449 2893; x_wconf 88' lang='lat' dir='ltr'><strong>provincia</strong></span> <span class='ocrx_word' id='word_1_183' title='bbox 476 2813 536 2872; x_wconf 88' lang='lat' dir='ltr'><strong>est.</strong></span> <span class='ocrx_word' id='word_1_184' title='bbox 552 2805 663 2891; x_wconf 90' lang='lat' dir='ltr'><strong>Neque</strong></span> <span class='ocrx_word' id='word_1_185' title='bbox 687 2802 868 2872; x_wconf 91' lang='lat' dir='ltr'><strong>minusboc</strong></span> <span class='ocrx_word' id='word_1_186' title='bbox 883 2804 975 2872; x_wconf 92' lang='lat' dir='ltr'><strong>nobis</strong></span> <span class='ocrx_word' id='word_1_187' title='bbox 1000 2805 1235 2872; x_wconf 84' lang='lat' dir='ltr'><strong>observandum</strong></span> <span class='ocrx_word' id='word_1_188' title='bbox 1259 2816 1339 2886; x_wconf 90' lang='lat' dir='ltr'><strong>erat,</strong></span> <span class='ocrx_word' id='word_1_189' title='bbox 1364 2827 1405 2874; x_wconf 90' lang='lat' dir='ltr'><strong>ne</strong></span> 
     </span>
     <span class='ocr_line' id='line_1_22' title="bbox 187 2919 1402 3009; baseline 0 -20"><span class='ocrx_word' id='word_1_190' title='bbox 187 2943 239 2990; x_wconf 93' lang='lat' dir='ltr'><strong>res</strong></span> <span class='ocrx_word' id='word_1_191' title='bbox 255 2920 447 3009; x_wconf 89' lang='lat' dir='ltr'><strong>hispanicas,</strong></span> <span class='ocrx_word' id='word_1_192' title='bbox 464 2922 503 2987; x_wconf 91' lang='lat' dir='ltr'><strong>ad</strong></span> <span class='ocrx_word' id='word_1_193' title='bbox 519 2941 598 3008; x_wconf 89' lang='lat' dir='ltr'><strong>quas</strong></span> <span class='ocrx_word' id='word_1_194' title='bbox 616 2919 735 2988; x_wconf 90' lang='lat' dir='ltr'><strong>nostris</strong></span> <span class='ocrx_word' id='word_1_195' title='bbox 750 2919 848 2987; x_wconf 88' lang='lat' dir='ltr'><strong>etiam</strong></span> <span class='ocrx_word' id='word_1_196' title='bbox 861 2920 1060 3007; x_wconf 88' lang='lat' dir='ltr'><strong>temporibus</strong></span> <span class='ocrx_word' id='word_1_197' title='bbox 1076 2941 1169 2988; x_wconf 90' lang='lat' dir='ltr'><strong>rarus</strong></span> <span class='ocrx_word' id='word_1_198' title='bbox 1184 2930 1271 3009; x_wconf 91' lang='lat' dir='ltr'><strong>patet</strong></span> <span class='ocrx_word' id='word_1_199' title='bbox 1285 2920 1402 3004; x_wconf 89' lang='lat' dir='ltr'><strong>aditus,</strong></span> 
     </span>
     <span class='ocr_line' id='line_1_23' title="bbox 187 3033 1404 3123; baseline 0.001 -20"><span class='ocrx_word' id='word_1_200' title='bbox 187 3036 429 3123; x_wconf 87' lang='lat' dir='ltr'><strong>attingeremus.</strong></span> <span class='ocrx_word' id='word_1_201' title='bbox 446 3035 525 3102; x_wconf 92' lang='lat' dir='ltr'><strong>Nam</strong></span> <span class='ocrx_word' id='word_1_202' title='bbox 541 3043 573 3102; x_wconf 91' lang='lat' dir='ltr'><strong>et</strong></span> <span class='ocrx_word' id='word_1_203' title='bbox 587 3035 655 3103; x_wconf 84' lang='lat' dir='ltr'><strong>haec</strong></span> <span class='ocrx_word' id='word_1_204' title='bbox 674 3033 844 3121; x_wconf 87' lang='lat' dir='ltr'><strong>peculiaris</strong></span> <span class='ocrx_word' id='word_1_205' title='bbox 863 3035 1010 3122; x_wconf 75' lang='lat' dir='ltr'><strong>quaedam</strong></span> <span class='ocrx_word' id='word_1_206' title='bbox 1032 3035 1164 3102; x_wconf 90' lang='lat' dir='ltr'><strong>materia</strong></span> <span class='ocrx_word' id='word_1_207' title='bbox 1181 3045 1228 3102; x_wconf 92' lang='lat' dir='ltr'><strong>est</strong></span> <span class='ocrx_word' id='word_1_208' title='bbox 1248 3046 1280 3103; x_wconf 89' lang='lat' dir='ltr'><strong>et</strong></span> <span class='ocrx_word' id='word_1_209' title='bbox 1295 3036 1404 3105; x_wconf 90' lang='lat' dir='ltr'><strong>arctis·</strong></span> 
     </span>
     <span class='ocr_line' id='line_1_24' title="bbox 187 3147 1405 3236; baseline 0.001 -19"><span class='ocrx_word' id='word_1_210' title='bbox 187 3149 267 3217; x_wconf 89' lang='lat' dir='ltr'><strong>sime</strong></span> <span class='ocrx_word' id='word_1_211' title='bbox 281 3169 353 3216; x_wconf 87' lang='lat' dir='ltr'><strong>cum</strong></span> <span class='ocrx_word' id='word_1_212' title='bbox 370 3148 501 3216; x_wconf 86' lang='lat' dir='ltr'><strong>historia</strong></span> <span class='ocrx_word' id='word_1_213' title='bbox 518 3170 631 3217; x_wconf 90' lang='lat' dir='ltr'><strong>earum</strong></span> <span class='ocrx_word' id='word_1_214' title='bbox 648 3147 938 3215; x_wconf 89' lang='lat' dir='ltr'><strong>controversiarum</strong></span> <span class='ocrx_word' id='word_1_215' title='bbox 959 3149 1136 3231; x_wconf 87' lang='lat' dir='ltr'><strong>cohaerens,</strong></span> <span class='ocrx_word' id='word_1_216' title='bbox 1153 3168 1225 3236; x_wconf 86' lang='lat' dir='ltr'><strong>quae</strong></span> <span class='ocrx_word' id='word_1_217' title='bbox 1240 3149 1323 3215; x_wconf 87' lang='lat' dir='ltr'><strong>inter</strong></span> <span class='ocrx_word' id='word_1_218' title='bbox 1343 3151 1405 3219; x_wconf 92' lang='lat' dir='ltr'><strong>He·</strong></span> 
     </span>
     <span class='ocr_line' id='line_1_25' title="bbox 187 3262 1404 3351; baseline 0.002 -20"><span class='ocrx_word' id='word_1_219' title='bbox 187 3264 290 3332; x_wconf 89' lang='lat' dir='ltr'><strong>braeos</strong></span> <span class='ocrx_word' id='word_1_220' title='bbox 305 3275 336 3331; x_wconf 93' lang='lat' dir='ltr'><strong>et</strong></span> <span class='ocrx_word' id='word_1_221' title='bbox 350 3263 540 3331; x_wconf 87' lang='lat' dir='ltr'><strong>christianos</strong></span> <span class='ocrx_word' id='word_1_222' title='bbox 554 3262 587 3329; x_wconf 93' lang='lat' dir='ltr'><strong>in</strong></span> <span class='ocrx_word' id='word_1_223' title='bbox 601 3263 759 3351; x_wconf 90' lang='lat' dir='ltr'><strong>Hispaniis</strong></span> <span class='ocrx_word' id='word_1_224' title='bbox 774 3272 804 3329; x_wconf 88' lang='lat' dir='ltr'><strong>et</strong></span> <span class='ocrx_word' id='word_1_225' title='bbox 818 3264 851 3329; x_wconf 90' lang='lat' dir='ltr'><strong>in</strong></span> <span class='ocrx_word' id='word_1_226' title='bbox 871 3262 968 3331; x_wconf 85' lang='lat' dir='ltr'><strong>Gallia</strong></span> <span class='ocrx_word' id='word_1_227' title='bbox 985 3263 1110 3351; x_wconf 73' lang='lat' dir='ltr'><strong>agitatae</strong></span> <span class='ocrx_word' id='word_1_228' title='bbox 1131 3276 1215 3332; x_wconf 89' lang='lat' dir='ltr'><strong>sunt.</strong></span> <span class='ocrx_word' id='word_1_229' title='bbox 1232 3264 1348 3332; x_wconf 88' lang='lat' dir='ltr'><strong>Parum</strong></span> <span class='ocrx_word' id='word_1_230' title='bbox 1365 3268 1404 3333; x_wconf 92' lang='lat' dir='ltr'><strong>ad</strong></span> 
     </span>
     <span class='ocr_line' id='line_1_26' title="bbox 185 3377 1404 3467; baseline 0.002 -21"><span class='ocrx_word' id='word_1_231' title='bbox 185 3400 244 3447; x_wconf 90' lang='lat' dir='ltr'><strong>nos</strong></span> <span class='ocrx_word' id='word_1_232' title='bbox 259 3381 410 3467; x_wconf 90' lang='lat' dir='ltr'><strong>pertinet,</strong></span> <span class='ocrx_word' id='word_1_233' title='bbox 429 3400 466 3447; x_wconf 91' lang='lat' dir='ltr'><strong>ea</strong></span> <span class='ocrx_word' id='word_1_234' title='bbox 476 3379 578 3446; x_wconf 89' lang='lat' dir='ltr'><strong>studia</strong></span> <span class='ocrx_word' id='word_1_235' title='bbox 593 3378 756 3462; x_wconf 88' lang='lat' dir='ltr'><strong>hebraica,</strong></span> <span class='ocrx_word' id='word_1_236' title='bbox 766 3399 839 3466; x_wconf 77' lang='lat' dir='ltr'><strong>quae</strong></span> <span class='ocrx_word' id='word_1_237' title='bbox 854 3377 887 3445; x_wconf 71' lang='lat' dir='ltr'><strong>S.</strong></span> <span class='ocrx_word' id='word_1_238' title='bbox 900 3378 1057 3446; x_wconf 87' lang='lat' dir='ltr'><strong>Dominioi</strong></span> <span class='ocrx_word' id='word_1_239' title='bbox 1073 3377 1202 3446; x_wconf 84' lang='lat' dir='ltr'><strong>asseelae</strong></span> <span class='ocrx_word' id='word_1_240' title='bbox 1219 3380 1404 3449; x_wconf 85' lang='lat' dir='ltr'><strong>Barcinonae</strong></span> 
     </span>
     <span class='ocr_line' id='line_1_27' title="bbox 185 3492 1404 3578; baseline 0.001 -16"><span class='ocrx_word' id='word_1_241' title='bbox 185 3495 235 3562; x_wconf 91' lang='lat' dir='ltr'><strong>vel</strong></span> <span class='ocrx_word' id='word_1_242' title='bbox 256 3494 360 3561; x_wconf 82' lang='lat' dir='ltr'><strong>Toleti</strong></span> <span class='ocrx_word' id='word_1_243' title='bbox 380 3493 515 3561; x_wconf 89' lang='lat' dir='ltr'><strong>assiduis</strong></span> <span class='ocrx_word' id='word_1_244' title='bbox 534 3492 700 3560; x_wconf 90' lang='lat' dir='ltr'><strong>laboribus</strong></span> <span class='ocrx_word' id='word_1_245' title='bbox 720 3495 902 3573; x_wconf 89' lang='lat' dir='ltr'><strong>coluerunt,</strong></span> <span class='ocrx_word' id='word_1_246' title='bbox 925 3504 1112 3578; x_wconf 88' lang='lat' dir='ltr'><strong>retractare,</strong></span> <span class='ocrx_word' id='word_1_247' title='bbox 1138 3516 1211 3562; x_wconf 92' lang='lat' dir='ltr'><strong>cum</strong></span> <span class='ocrx_word' id='word_1_248' title='bbox 1238 3496 1305 3565; x_wconf 79' lang='lat' dir='ltr'><strong>haec</strong></span> <span class='ocrx_word' id='word_1_249' title='bbox 1329 3518 1404 3564; x_wconf 87' lang='lat' dir='ltr'><strong>vere</strong></span> 
     </span>
     <span class='ocr_line' id='line_1_28' title="bbox 185 3607 1404 3698; baseline 0.001 -21"><span class='ocrx_word' id='word_1_250' title='bbox 185 3609 288 3677; x_wconf 91' lang='lat' dir='ltr'><strong>studia</strong></span> <span class='ocrx_word' id='word_1_251' title='bbox 313 3609 459 3676; x_wconf 88' lang='lat' dir='ltr'><strong>militaria</strong></span> <span class='ocrx_word' id='word_1_252' title='bbox 491 3607 611 3675; x_wconf 86' lang='lat' dir='ltr'><strong>suerint</strong></span> <span class='ocrx_word' id='word_1_253' title='bbox 637 3617 668 3675; x_wconf 91' lang='lat' dir='ltr'><strong>et</strong></span> <span class='ocrx_word' id='word_1_254' title='bbox 689 3607 779 3696; x_wconf 88' lang='lat' dir='ltr'><strong>quasi</strong></span> <span class='ocrx_word' id='word_1_255' title='bbox 807 3607 937 3697; x_wconf 91' lang='lat' dir='ltr'><strong>quidam</strong></span> <span class='ocrx_word' id='word_1_256' title='bbox 964 3609 1063 3698; x_wconf 89' lang='lat' dir='ltr'><strong>pugio</strong></span> <span class='ocrx_word' id='word_1_257' title='bbox 1086 3609 1178 3694; x_wconf 88' lang='lat' dir='ltr'><strong>fidei,</strong></span> <span class='ocrx_word' id='word_1_258' title='bbox 1204 3610 1404 3680; x_wconf 82' lang='lat' dir='ltr'><strong>confutandis</strong></span> 
     </span>
     <span class='ocr_line' id='line_1_29' title="bbox 185 3722 1404 3812; baseline 0 -20"><span class='ocrx_word' id='word_1_259' title='bbox 185 3725 327 3793; x_wconf 89' lang='lat' dir='ltr'><strong>rabbinis</strong></span> <span class='ocrx_word' id='word_1_260' title='bbox 351 3735 489 3812; x_wconf 87' lang='lat' dir='ltr'><strong>aptatus.</strong></span> <span class='ocrx_word' id='word_1_261' title='bbox 513 3722 671 3792; x_wconf 66' lang='lat' dir='ltr'><strong>Caeterum</strong></span> <span class='ocrx_word' id='word_1_262' title='bbox 697 3722 966 3811; x_wconf 89' lang='lat' dir='ltr'><strong>disputationibus</strong></span> <span class='ocrx_word' id='word_1_263' title='bbox 986 3724 1049 3792; x_wconf 91' lang='lat' dir='ltr'><strong>illis</strong></span> <span class='ocrx_word' id='word_1_264' title='bbox 1071 3724 1145 3792; x_wconf 90' lang='lat' dir='ltr'><strong>satis</strong></span> <span class='ocrx_word' id='word_1_265' title='bbox 1167 3725 1206 3792; x_wconf 91' lang='lat' dir='ltr'><strong>H.</strong></span> <span class='ocrx_word' id='word_1_266' title='bbox 1229 3723 1349 3795; x_wconf 86' lang='lat' dir='ltr'><strong>Denille</strong></span> <span class='ocrx_word' id='word_1_267' title='bbox 1373 3737 1404 3794; x_wconf 88' lang='lat' dir='ltr'><strong>et</strong></span> 
     </span>
     <span class='ocr_line' id='line_1_30' title="bbox 184 3822 1403 3932; baseline 0.002 -24"><span class='ocrx_word' id='word_1_268' title='bbox 184 3842 208 3909; x_wconf 92' lang='lat' dir='ltr'><strong>l.</strong></span> <span class='ocrx_word' id='word_1_269' title='bbox 234 3842 309 3909; x_wconf 88' lang='lat' dir='ltr'><strong>Loeb</strong></span> <span class='ocrx_word' id='word_1_270' title='bbox 330 3822 558 3923; x_wconf 91' lang='lat' dir='ltr'><strong>incubuerunt,</strong></span> <span class='ocrx_word' id='word_1_271' title='bbox 586 3839 807 3908; x_wconf 90' lang='lat' dir='ltr'><strong>dominicanus</strong></span> <span class='ocrx_word' id='word_1_272' title='bbox 832 3840 886 3907; x_wconf 91' lang='lat' dir='ltr'><strong>ille</strong></span> <span class='ocrx_word' id='word_1_273' title='bbox 910 3851 942 3907; x_wconf 89' lang='lat' dir='ltr'><strong>et</strong></span> <span class='ocrx_word' id='word_1_274' title='bbox 964 3841 1046 3908; x_wconf 89' lang='lat' dir='ltr'><strong>alter</strong></span> <span class='ocrx_word' id='word_1_275' title='bbox 1068 3840 1235 3923; x_wconf 86' lang='lat' dir='ltr'><strong>rabbinus,</strong></span> <span class='ocrx_word' id='word_1_276' title='bbox 1266 3852 1403 3932; x_wconf 89' lang='lat' dir='ltr'><strong>uterque</strong></span> 
     </span>
     <span class='ocr_line' id='line_1_31' title="bbox 184 3954 1401 4045; baseline 0.003 -24"><span class='ocrx_word' id='word_1_277' title='bbox 184 3956 267 4024; x_wconf 92' lang='lat' dir='ltr'><strong>inter</strong></span> <span class='ocrx_word' id='word_1_278' title='bbox 292 3966 550 4045; x_wconf 87' lang='lat' dir='ltr'><strong>propugnatores</strong></span> <span class='ocrx_word' id='word_1_279' title='bbox 571 3976 636 4022; x_wconf 88' lang='lat' dir='ltr'><strong>suae</strong></span> <span class='ocrx_word' id='word_1_280' title='bbox 659 3954 735 4022; x_wconf 87' lang='lat' dir='ltr'><strong>fidei</strong></span> <span class='ocrx_word' id='word_1_281' title='bbox 760 3965 791 4022; x_wconf 90' lang='lat' dir='ltr'><strong>et</strong></span> <span class='ocrx_word' id='word_1_282' title='bbox 813 3975 880 4021; x_wconf 89' lang='lat' dir='ltr'><strong>suae</strong></span> <span class='ocrx_word' id='word_1_283' title='bbox 904 3955 1006 4043; x_wconf 88' lang='lat' dir='ltr'><strong>gentis</strong></span> <span class='ocrx_word' id='word_1_284' title='bbox 1031 3957 1229 4043; x_wconf 83' lang='lat' dir='ltr'><strong>praecellens.</strong></span> <span class='ocrx_word' id='word_1_285' title='bbox 1256 3958 1401 4044; x_wconf 87' lang='lat' dir='ltr'><strong>Regnum</strong></span> 
     </span>
     <span class='ocr_line' id='line_1_32' title="bbox 184 4069 1403 4162; baseline 0 -21"><span class='ocrx_word' id='word_1_286' title='bbox 184 4072 280 4141; x_wconf 89' lang='lat' dir='ltr'><strong>etiam</strong></span> <span class='ocrx_word' id='word_1_287' title='bbox 295 4072 440 4141; x_wconf 79' lang='lat' dir='ltr'><strong>Castellae</strong></span> <span class='ocrx_word' id='word_1_288' title='bbox 451 4071 513 4138; x_wconf 90' lang='lat' dir='ltr'><strong>hoc</strong></span> <span class='ocrx_word' id='word_1_289' title='bbox 527 4091 595 4159; x_wconf 76' lang='lat' dir='ltr'><strong>prae</strong></span> <span class='ocrx_word' id='word_1_290' title='bbox 609 4072 734 4138; x_wconf 80' lang='lat' dir='ltr'><strong>oaeteris</strong></span> <span class='ocrx_word' id='word_1_291' title='bbox 747 4069 871 4152; x_wconf 90' lang='lat' dir='ltr'><strong>habuit,</strong></span> <span class='ocrx_word' id='word_1_292' title='bbox 884 4072 969 4160; x_wconf 92' lang='lat' dir='ltr'><strong>quod</strong></span> <span class='ocrx_word' id='word_1_293' title='bbox 986 4070 1031 4138; x_wconf 91' lang='lat' dir='ltr'><strong>ibi</strong></span> <span class='ocrx_word' id='word_1_294' title='bbox 1047 4070 1144 4139; x_wconf 89' lang='lat' dir='ltr'><strong>Sacra</strong></span> <span class='ocrx_word' id='word_1_295' title='bbox 1159 4072 1324 4162; x_wconf 89' lang='lat' dir='ltr'><strong>Scriptura</strong></span> <span class='ocrx_word' id='word_1_296' title='bbox 1338 4094 1403 4141; x_wconf 93' lang='lat' dir='ltr'><strong>non</strong></span> 
     </span>
     <span class='ocr_line' id='line_1_33' title="bbox 182 4186 1401 4274; baseline -0.002 -17"><span class='ocrx_word' id='word_1_297' title='bbox 182 4189 282 4257; x_wconf 91' lang='lat' dir='ltr'><strong>semel</strong></span> <span class='ocrx_word' id='word_1_298' title='bbox 298 4209 337 4255; x_wconf 81' lang='lat' dir='ltr'><strong>ex</strong></span> <span class='ocrx_word' id='word_1_299' title='bbox 350 4187 502 4254; x_wconf 87' lang='lat' dir='ltr'><strong>hebraico</strong></span> <span class='ocrx_word' id='word_1_300' title='bbox 523 4187 556 4253; x_wconf 96' lang='lat' dir='ltr'><strong>in</strong></span> <span class='ocrx_word' id='word_1_301' title='bbox 574 4187 715 4274; x_wconf 90' lang='lat' dir='ltr'><strong>linguam</strong></span> <span class='ocrx_word' id='word_1_302' title='bbox 735 4186 939 4253; x_wconf 87' lang='lat' dir='ltr'><strong>vernaculam</strong></span> <span class='ocrx_word' id='word_1_303' title='bbox 958 4187 1109 4255; x_wconf 85' lang='lat' dir='ltr'><strong>translata</strong></span> <span class='ocrx_word' id='word_1_304' title='bbox 1130 4198 1190 4271; x_wconf 90' lang='lat' dir='ltr'><strong>est,</strong></span> <span class='ocrx_word' id='word_1_305' title='bbox 1208 4209 1281 4254; x_wconf 89' lang='lat' dir='ltr'><strong>cum</strong></span> <span class='ocrx_word' id='word_1_306' title='bbox 1301 4188 1401 4258; x_wconf 73' lang='lat' dir='ltr'><strong>ludaei</strong></span> 
     </span>
     <span class='ocr_line' id='line_1_34' title="bbox 182 4300 1401 4393; baseline 0.001 -22"><span class='ocrx_word' id='word_1_307' title='bbox 182 4304 307 4392; x_wconf 89' lang='lat' dir='ltr'><strong>hispani</strong></span> <span class='ocrx_word' id='word_1_308' title='bbox 324 4302 433 4370; x_wconf 93' lang='lat' dir='ltr'><strong>multis</strong></span> <span class='ocrx_word' id='word_1_309' title='bbox 447 4301 648 4391; x_wconf 91' lang='lat' dir='ltr'><strong>temporibus</strong></span> <span class='ocrx_word' id='word_1_310' title='bbox 663 4322 699 4369; x_wconf 92' lang='lat' dir='ltr'><strong>ea</strong></span> <span class='ocrx_word' id='word_1_311' title='bbox 715 4300 863 4370; x_wconf 89' lang='lat' dir='ltr'><strong>libertate</strong></span> <span class='ocrx_word' id='word_1_312' title='bbox 879 4302 1077 4387; x_wconf 81' lang='lat' dir='ltr'><strong>fruerentur,</strong></span> <span class='ocrx_word' id='word_1_313' title='bbox 1094 4324 1191 4393; x_wconf 88' lang='lat' dir='ltr'><strong>quam</strong></span> <span class='ocrx_word' id='word_1_314' title='bbox 1215 4304 1246 4369; x_wconf 91' lang='lat' dir='ltr'><strong>in</strong></span> <span class='ocrx_word' id='word_1_315' title='bbox 1262 4304 1332 4371; x_wconf 89' lang='lat' dir='ltr'><strong>aliis</strong></span> <span class='ocrx_word' id='word_1_316' title='bbox 1350 4327 1401 4372; x_wconf 87' lang='lat' dir='ltr'><strong>re-</strong></span> 
     </span>
     <span class='ocr_line' id='line_1_35' title="bbox 182 4417 1400 4508; baseline 0.001 -23"><span class='ocrx_word' id='word_1_317' title='bbox 182 4418 331 4506; x_wconf 90' lang='lat' dir='ltr'><strong>gionibus</strong></span> <span class='ocrx_word' id='word_1_318' title='bbox 348 4419 496 4486; x_wconf 91' lang='lat' dir='ltr'><strong>amissam</strong></span> <span class='ocrx_word' id='word_1_319' title='bbox 513 4417 676 4500; x_wconf 87' lang='lat' dir='ltr'><strong>dolebant,</strong></span> <span class='ocrx_word' id='word_1_320' title='bbox 694 4418 750 4485; x_wconf 94' lang='lat' dir='ltr'><strong>sed</strong></span> <span class='ocrx_word' id='word_1_321' title='bbox 771 4439 806 4486; x_wconf 90' lang='lat' dir='ltr'><strong>ea</strong></span> <span class='ocrx_word' id='word_1_322' title='bbox 823 4420 892 4486; x_wconf 90' lang='lat' dir='ltr'><strong>laus</strong></span> <span class='ocrx_word' id='word_1_323' title='bbox 913 4418 963 4486; x_wconf 84' lang='lat' dir='ltr'><strong>vix</strong></span> <span class='ocrx_word' id='word_1_324' title='bbox 978 4420 1017 4486; x_wconf 90' lang='lat' dir='ltr'><strong>ad</strong></span> <span class='ocrx_word' id='word_1_325' title='bbox 1034 4420 1114 4486; x_wconf 93' lang='lat' dir='ltr'><strong>alios</strong></span> <span class='ocrx_word' id='word_1_326' title='bbox 1136 4417 1232 4502; x_wconf 90' lang='lat' dir='ltr'><strong>redit,</strong></span> <span class='ocrx_word' id='word_1_327' title='bbox 1250 4441 1345 4508; x_wconf 88' lang='lat' dir='ltr'><strong>quam</strong></span> <span class='ocrx_word' id='word_1_328' title='bbox 1362 4421 1400 4486; x_wconf 87' lang='lat' dir='ltr'><strong>ad</strong></span> 
     </span>
     <span class='ocr_line' id='line_1_36' title="bbox 181 4532 1403 4623; baseline 0.001 -21"><span class='ocrx_word' id='word_1_329' title='bbox 181 4534 320 4616; x_wconf 90' lang='lat' dir='ltr'><strong>ludaeos,</strong></span> <span class='ocrx_word' id='word_1_330' title='bbox 334 4536 400 4601; x_wconf 90' lang='lat' dir='ltr'><strong>sive</strong></span> <span class='ocrx_word' id='word_1_331' title='bbox 416 4534 487 4622; x_wconf 85' lang='lat' dir='ltr'><strong>quis</strong></span> <span class='ocrx_word' id='word_1_332' title='bbox 500 4555 583 4622; x_wconf 89' lang='lat' dir='ltr'><strong>aqua</strong></span> <span class='ocrx_word' id='word_1_333' title='bbox 600 4532 749 4622; x_wconf 88' lang='lat' dir='ltr'><strong>baptismi</strong></span> <span class='ocrx_word' id='word_1_334' title='bbox 765 4535 883 4602; x_wconf 89' lang='lat' dir='ltr'><strong>tinctus</strong></span> <span class='ocrx_word' id='word_1_335' title='bbox 898 4545 957 4617; x_wconf 89' lang='lat' dir='ltr'><strong>est,</strong></span> <span class='ocrx_word' id='word_1_336' title='bbox 970 4535 1035 4603; x_wconf 86' lang='lat' dir='ltr'><strong>sive</strong></span> <span class='ocrx_word' id='word_1_337' title='bbox 1050 4533 1161 4601; x_wconf 85' lang='lat' dir='ltr'><strong>infide</strong></span> <span class='ocrx_word' id='word_1_338' title='bbox 1176 4535 1277 4623; x_wconf 90' lang='lat' dir='ltr'><strong>patria</strong></span> <span class='ocrx_word' id='word_1_339' title='bbox 1292 4557 1403 4623; x_wconf 88' lang='lat' dir='ltr'><strong>perse-</strong></span> 
     </span>
     <span class='ocr_line' id='line_1_37' title="bbox 181 4649 1399 4741; baseline 0.004 -26"><span class='ocrx_word' id='word_1_340' title='bbox 181 4650 312 4718; x_wconf 88' lang='lat' dir='ltr'><strong>veravit.</strong></span> <span class='ocrx_word' id='word_1_341' title='bbox 344 4651 522 4738; x_wconf 88' lang='lat' dir='ltr'><strong>Imperator</strong></span> <span class='ocrx_word' id='word_1_342' title='bbox 551 4649 689 4738; x_wconf 86' lang='lat' dir='ltr'><strong>denique</strong></span> <span class='ocrx_word' id='word_1_343' title='bbox 719 4650 772 4718; x_wconf 92' lang='lat' dir='ltr'><strong>ille</strong></span> <span class='ocrx_word' id='word_1_344' title='bbox 804 4651 983 4739; x_wconf 88' lang='lat' dir='ltr'><strong>misopapa,</strong></span> <span class='ocrx_word' id='word_1_345' title='bbox 1015 4649 1197 4719; x_wconf 83' lang='lat' dir='ltr'><strong>Friderieus</strong></span> <span class='ocrx_word' id='word_1_346' title='bbox 1227 4651 1268 4733; x_wconf 91' lang='lat' dir='ltr'><strong>ll,</strong></span> <span class='ocrx_word' id='word_1_347' title='bbox 1299 4674 1399 4741; x_wconf 84' lang='lat' dir='ltr'><strong>quum</strong></span> 
     </span>
     <span class='ocr_line' id='line_1_38' title="bbox 181 4765 1400 4856; baseline 0.002 -23"><span class='ocrx_word' id='word_1_348' title='bbox 181 4765 331 4833; x_wconf 90' lang='lat' dir='ltr'><strong>omnibus</strong></span> <span class='ocrx_word' id='word_1_349' title='bbox 355 4765 478 4834; x_wconf 92' lang='lat' dir='ltr'><strong>artibus</strong></span> <span class='ocrx_word' id='word_1_350' title='bbox 503 4765 726 4834; x_wconf 86' lang='lat' dir='ltr'><strong>auctoritatem</strong></span> <span class='ocrx_word' id='word_1_351' title='bbox 751 4765 887 4834; x_wconf 84' lang='lat' dir='ltr'><strong>Romani</strong></span> <span class='ocrx_word' id='word_1_352' title='bbox 910 4765 1070 4834; x_wconf 86' lang='lat' dir='ltr'><strong>Pontibois</strong></span> <span class='ocrx_word' id='word_1_353' title='bbox 1095 4765 1312 4856; x_wconf 87' lang='lat' dir='ltr'><strong>impugnaret,</strong></span> <span class='ocrx_word' id='word_1_354' title='bbox 1338 4769 1400 4836; x_wconf 87' lang='lat' dir='ltr'><strong>hoo</strong></span> 
     </span>
    </p>
   </div>
   <div class='ocr_carea' id='block_1_3' title="bbox 0 0 1594 5580">
    <p class='ocr_par' dir='ltr' id='par_1_4' title="bbox 0 0 1594 5580">
     <span class='ocr_line' id='line_1_39' title="bbox 0 0 1594 5580; baseline 0 3"><span class='ocrx_word' id='word_1_355' title='bbox 0 0 1594 5580; x_wconf 95' lang='lat' dir='ltr'><strong> </strong></span> 
     </span>
    </p>
   </div>
  </div>
 </body>
</html>
