3180 5580
292 446 477 511 rnansnrmo
500 449 675 493 summoue
697 448 799 494 saona
822 451 859 493 ux
882 452 1046 496 unanimo.
1243 438 1281 497 53

92 579 118 617 u.
134 567 140 594 ¹
159 565 210 630 ligo
226 566 274 618 llos
289 567 423 630 planicici,
435 581 497 618 rosa
512 568 686 619 eonualiium.
705 567 797 620 ’Sicut
814 583 873 621 rosa
889 572 958 621 inter
972 571 1073 636 spinas
1086 569 1125 623 sie
1141 572 1213 623 socia
1224 585 1282 623 mea

57 655 128 705 iuter
141 669 175 704 oi·
190 654 270 707 illias
288 655 297 683 ³
310 655 382 706 Sicut
397 655 482 707 malus
499 657 526 706 in
540 656 620 720 lignis
636 655 714 721 silue,
728 659 767 708 sic
782 657 897 709 dilectus
911 671 987 710 naeus
1003 661 1071 710 inter
1086 673 1120 709 er
1134 659 1201 711 illios
1212 656 1278 727 (N...

92 742 169 795 Eccn.
187 756 203 794 r,
227 743 309 794 Uerba
329 744 502 795 ecclesiastes
520 744 553 811 (²)
574 745 620 796 lilii
640 746 720 797 llauid
742 748 813 809 regis
827 748 854 797 in
867 735 952 798 ffiiir'n.
976 746 1101 799 ²llanitas
1121 750 1280 812 uanitatum,

56 833 127 884 dixit
147 833 330 893 ecclesiastes
349 833 453 884 uanitas
474 834 633 898 uanitatem,
649 836 736 886 omnia
751 835 867 887 stulticia
882 831 924 902 (³),
944 835 1029 894 ³0uid
1047 836 1161 901 amplius
1182 837 1281 888 bomini

58 923 86 972 in
101 922 173 972 omrri
191 921 280 972 labore
296 935 345 973 suo
361 935 413 988 quo
430 921 552 973 laborans
568 923 618 974 sub
634 923 709 975 solet
724 925 733 953 ⁴
746 924 888 975 (teneraeio
904 925 986 985 uadit,
1002 923 1144 987 generacio
1160 924 1279 989 aduenit,

59 1012 85 1062 et
101 1014 171 1062 terra
187 1011 214 1060 in
233 1012 356 1060 eternum
372 1012 434 1072 stat,
452 1011 500 1061 ³et
520 1010 621 1062 orietur
635 1027 670 1061 or
684 1010 733 1077 sol,
750 1016 776 1063 et
791 1011 895 1063 occidet
911 1011 949 1064 sol
967 1012 1000 1063 ad
1019 1012 1107 1063 locum
1122 1027 1200 1064 suum
1211 1008 1278 1080 (N...

99 1162 200 1226 Glossa
216 1164 278 1224 baec
294 1170 349 1236 est,
372 1182 430 1223 non
456 1148 671 1245 interpretatio,
695 1186 791 1246 neque
815 1166 975 1227 uerisimile
997 1174 1052 1240 est,
1070 1173 1200 1226 nostram
1217 1185 1283 1225 ver-

57 1264 171 1322 sionem
188 1264 328 1323 continua
344 1264 421 1322 serie
437 1270 467 1323 et
482 1265 564 1342 quasi
581 1273 719 1324 currente
735 1265 846 1324 calamo
863 1283 991 1343 unquam
1007 1265 1186 1343 descriptam
1203 1283 1279 1326 esse.

58 1360 130 1421 Nam
147 1367 283 1440 superest
299 1362 328 1419 in
346 1378 378 1418 ea
396 1362 477 1438 quasi
494 1370 562 1421 nota
578 1363 711 1437 artificis,
730 1363 867 1423 videlieet
886 1363 997 1424 voculae
1013 1360 1156 1429 barbarae.
1174 1360 1281 1442 quibus
1363 1348 1366 1355 ’

58 1464 116 1514 tam
132 1456 249 1516 articuli
265 1475 352 1536 quam
369 1457 490 1534 singulae
507 1456 657 1536 particulae
673 1460 814 1519 orationis
831 1458 1008 1533 indicantur,
1028 1476 1092 1536 quae
1111 1457 1146 1517 ab
1164 1459 1280 1535 ingenio

58 1552 229 1614 Latinorum
245 1571 367 1632 prorsus
389 1552 559 1613 abhorrent.
575 1553 676 1631 Neque
697 1553 838 1615 credibile
859 1563 915 1630 est,
933 1554 1101 1633 hujusmodi
1116 1553 1283 1614 translatio-

58 1668 138 1726 nem,
156 1658 283 1710 externae
299 1648 456 1711 verborum
473 1650 576 1710 sormae
597 1651 661 1730 plus
684 1668 767 1730 aequo
790 1654 988 1726 insistentem,
1012 1650 1098 1711 iaciie
1114 1653 1144 1711 in
1161 1669 1281 1731 prosum

57 1765 226 1807 sermonem
242 1748 355 1808 traduci
372 1749 513 1828 potuisse,
530 1766 596 1808 eum
619 1749 696 1808 idem
718 1750 747 1808 in
763 1748 923 1826 glossatore
945 1754 1046 1809 nostro
1067 1747 1226 1808 notandum
1244 1749 1282 1808 sit

58 1843 134 1922 quod
157 1843 353 1922 Hieronymus
375 1846 406 1903 in
427 1844 531 1923 Aquila
556 1846 671 1919 taxavit,
697 1863 804 1924 nempe
827 1863 893 1904 eum
918 1862 978 1905 ooo
997 1846 1092 1905 acirim
1113 1845 1211 1915 aerbo,
1231 1846 1282 1904 sed

57 1941 146 2001 ctiam
168 1940 359 2017 etpmoiopioa
383 1941 534 2000 verboram
551 1944 713 2016 transferre
733 1946 872 2001 conatam
893 1959 963 2002 cccc.
990 1941 1166 2003 Psalterium
1182 1948 1281 2001 tamen

58 2037 166 2115 sapius
185 2034 367 2116 descriptum
384 2045 440 2110 est,
458 2055 553 2115 neque
573 2039 746 2117 temperavit
767 2037 802 2097 ab
825 2056 859 2097 eo
880 2056 984 2097 manus
1004 2038 1201 2112 correctoris3
1221 2055 1280 2096 non

59 2138 157 2193 tanren
182 2132 267 2192 facile
293 2132 508 2193 crediderimus
529 2132 661 2192 futurum
687 2133 779 2193 inisse
802 2139 833 2193 ut
858 2133 1018 2213 impeditus
1043 2133 1091 2193 ille
1114 2142 1144 2192 et
1167 2133 1280 2193 haerens

60 2249 158 2291 sermo
173 2231 284 2292 Latinis
299 2233 408 2292 nostris
429 2250 556 2309 unquam
573 2241 711 2312 acceptus
726 2231 820 2291 sacret.
837 2231 892 2292 Ubi
909 2241 1005 2292 autem
1028 2239 1163 2311 excerpta
1181 2237 1280 2291 nostra

59 2330 180 2408 propius
196 2330 369 2408 inspexeris,
383 2328 570 2389 manifestum
587 2328 640 2388 tibi
657 2331 714 2388 erit
728 2347 787 2389 non
803 2329 887 2409 plane
904 2328 1096 2388 rrovumillud
1113 2347 1186 2408 opus
1203 2347 1279 2404 esse,

59 2423 109 2483 sed
134 2423 354 2484 translationem
377 2430 506 2484 nostram
528 2444 563 2484 ex
580 2425 800 2504 hieronymiana
821 2427 859 2486 ita
883 2427 1056 2501 excrevisse,
1078 2431 1111 2484 ut
1132 2426 1177 2483 vir
1201 2423 1279 2484 aliud

60 2537 124 2579 esse
148 2519 280 2580 videatur
303 2539 390 2599 quam
416 2530 558 2601 perpetua
583 2522 704 2599 vulgata
728 2524 874 2583 versionis
898 2521 932 2582 ad
958 2521 1124 2582 hebraicam
1151 2521 1278 2580 litteram

60 2617 303 2677 accommodatio.
320 2616 403 2678 Unde
423 2620 489 2697 quis
509 2627 629 2696 quarat,
646 2638 716 2679 num
738 2618 809 2678 illud
830 2621 858 2678 in
879 2618 1012 2679 iudaeum
1032 2620 1126 2678 virum
1143 2621 1219 2678 bene
1235 2637 1282 2677 ca-

59 2712 117 2788 dat,
135 2730 201 2773 eum
223 2712 484 2792 Hieronymianum
506 2733 578 2795 opus
595 2715 727 2775 ecciesiae
747 2715 897 2776 catholicae
916 2717 998 2793 quasi
1019 2716 1156 2776 vexillum
1176 2716 1277 2774 luerit.

59 2809 159 2889 Neque
174 2829 229 2870 nos
250 2808 406 2871 Hebraeum
424 2819 556 2873 nostrum
580 2830 662 2891 aqum
684 2811 822 2891 baptismi
843 2819 991 2891 expertem
1008 2812 1099 2872 tuisse
1119 2811 1280 2871 credideri-

59 2925 136 2967 mus·
154 2905 184 2968 Si
201 2925 270 2967 uero
287 2918 434 2986 quaeratur
454 2909 504 2968 ubi
529 2915 678 2978 terrarum
691 2911 836 2989 interpres
851 2915 952 2968 noster
967 2926 1041 2987 opus
1056 2927 1141 2968 suum
1158 2910 1279 2967 concin-

43 3005 182 3082 naverit,
207 3006 243 3065 iis
266 3004 315 3065 iiie
339 3005 509 3084 regionibus
531 3006 723 3066 vindicandus
746 3007 813 3081 erit,
838 3003 996 3083 inquibus
1020 3005 1117 3081 lingua
1136 3005 1278 3084 gallicana

59 3099 191 3161 ilorebat.
219 3099 400 3163 Gallicanum
426 3104 505 3162 enim
533 3104 683 3179 ingenium
708 3101 820 3162 redolet
845 3101 937 3180 stylus
967 3102 1042 3180 ejas,
1069 3101 1146 3162 Nihil
1179 3110 1277 3162 tamen

59 3198 155 3260 obstat
186 3201 343 3278 quominus
375 3206 509 3260 nostrum
534 3199 634 3277 buglis
665 3198 846 3270 addicamus,
873 3197 979 3278 quibus
1008 3199 1105 3276 lingua
1135 3199 1277 3276 gallicana

59 3298 139 3374 quasi
162 3296 343 3357 domesticus
368 3305 431 3356 erat
455 3315 569 3371 sermo,
596 3315 662 3356 eum
688 3296 717 3356 id
742 3298 864 3355 minime
889 3296 975 3356 nobis
999 3295 1195 3356 omittendum
1222 3297 1276 3370 sit,

59 3393 177 3454 codices
198 3400 315 3453 nostros
340 3401 369 3454 et
389 3394 476 3454 bodie
497 3394 558 3453 iere
580 3396 732 3453 universos
750 3393 870 3456 Oxonim
890 3395 1011 3469 seruari,
1033 3399 1062 3453 et
1080 3411 1113 3453 ea
1133 3394 1278 3472 scriptura

59 3498 191 3551 exaratos
217 3508 293 3565 esse,
320 3510 384 3569 quae
409 3493 561 3570 scripturae
586 3490 743 3568 anglicanae
770 3491 847 3551 iilius
870 3492 1012 3569 temporis
1033 3489 1185 3549 simillima
1211 3508 1276 3549 esse

58 3586 200 3648 videatur.
230 3586 287 3649 Sed
310 3587 345 3648 de
371 3588 416 3648 bis
434 3588 569 3666 judicent
593 3589 641 3666 qui
663 3587 780 3648 codices
805 3590 925 3668 propius
950 3606 1036 3666 quam
1059 3588 1089 3646 iu
1112 3586 1197 3647 nobis
1221 3586 1277 3645 suit

59 3684 249 3764 inspexerint.
265 3683 307 3744 Tu
323 3703 392 3744 vero
408 3703 466 3743 non
483 3684 675 3760 obliuiscaris,
699 3684 830 3744 studium
852 3683 1016 3746 Orroniense
1038 3685 1116 3743 inter·
1133 3685 1276 3743 universi-

60 3786 133 3840 tates
148 3780 238 3840 medii
254 3782 306 3840 mvi
324 3800 410 3840 unam
428 3800 442 3839 e
459 3782 558 3860 paucis
575 3781 675 3855 tuisse,
694 3780 743 3840 ubi
760 3780 795 3840 de
811 3780 928 3840 bebraeo
940 3780 1124 3841 lectitarelur
1136 3787 1157 3840 ⁵.
1176 3779 1276 3859 Neque

59 3877 112 3938 alia
127 3876 214 3939 sede‘s
230 3879 338 3939 sebolre
355 3885 416 3939 erat
431 3880 521 3951 illius,
534 3881 593 3955 cui,
610 3888 718 3959 quanto
735 3878 862 3959 pollebat
886 3879 1014 3956 iugenio,
1036 3882 1161 3957 praeerat
1176 3878 1276 3938 doctor·

60 3975 107 4037 ille
123 3978 270 4038 mirabilia
288 3977 420 4055 tiegerus
436 3978 523 4037 Raco.
538 3977 682 4050 Quocirca
698 3995 756 4037 non
773 3978 838 4056 plus
853 3995 936 4056 mque
953 3977 1141 4050 miraremur,
1159 3977 1184 4036 si
1200 3976 1276 4036 t'orte

62 4073 245 4134 inveniretur
255 4073 399 4150 glossator
409 4083 510 4136 noster
520 4094 681 4154 anonymus
693 4074 784 4134 luisse
797 4076 874 4134 inter
883 4073 1009 4134 asseclas
1020 4073 1125 4150 Regini
1138 4074 1274 4135 Bacenis.

95 4324 117 4374 t.
135 4321 193 4376 Cod.
209 4323 232 4375 S.
250 4326 377 4390 lobannis,
389 4326 432 4378 iol.
453 4329 510 4379 lat.

93 4397 117 4446 2.
136 4395 181 4444 Uet
195 4399 385 4459 coupreqrmtis.

93 4467 116 4515 3.
134 4463 168 4514 Gi.
187 4467 215 4517 de
230 4468 276 4517 boe
291 4468 365 4519 verbo
380 4482 402 4531 p.
421 4468 463 4518 ll.

91 4534 116 4585 l.
135 4533 193 4592 Cod.
209 4536 232 4586 S.
250 4538 376 4603 lobannis,
393 4540 433 4589 iol¹
453 4542 513 4589 299.

92 4609 116 4657 5.
132 4605 194 4658 tc.
215 4606 295 4659 Ubicb
311 4613 334 4658 et
350 4607 374 4659 b.
393 4607 523 4667 baiulare.
540 4611 654 4662 laudante
669 4609 692 4661 l.
710 4607 829 4660 Dalilasch
846 4605 981 4674 (deseruit,
1000 4625 1021 4673 p,
1044 4611 1094 4665 ili.

561 4792 770 4800 ————-..‚
