<?xml version="1.0" encoding="UTF-8"?>
<!DOCTYPE html PUBLIC "-//W3C//DTD XHTML 1.0 Transitional//EN"
    "http://www.w3.org/TR/xhtml1/DTD/xhtml1-transitional.dtd">
<html xmlns="http://www.w3.org/1999/xhtml" xml:lang="en" lang="en">
 <head>
  <title>
</title>
<meta http-equiv="Content-Type" content="text/html;charset=utf-8" />
  <meta name='ocr-system' content='tesseract 3.04.00' />
  <meta name='ocr-capabilities' content='ocr_page ocr_carea ocr_par ocr_line ocrx_word'/>
</head>
<body>
  <div class='ocr_page' id='page_1' title='image "./quamnotitiamlin00berggoog_0012.png"; bbox 0 0 3180 5580; ppageno 0'>
   <div class='ocr_carea' id='block_1_1' title="bbox 582 1001 1043 1098">
    <p class='ocr_par' dir='ltr' id='par_1_1' title="bbox 582 1001 1043 1098">
     <span class='ocr_line' id='line_1_1' title="bbox 582 1001 1043 1098; baseline 0.002 -1"><span class='ocrx_word' id='word_1_1' title='bbox 582 1055 584 1058; x_wconf 54' lang='lat'>&gt;</span> <span class='ocrx_word' id='word_1_2' title='bbox 657 1001 1043 1098; x_wconf 87' lang='lat' dir='ltr'>PRAEFATIO</span> 
     </span>
    </p>
   </div>
   <div class='ocr_carea' id='block_1_2' title="bbox 285 1775 1460 1865">
    <p class='ocr_par' dir='ltr' id='par_1_2' title="bbox 285 1775 1460 1865">
     <span class='ocr_line' id='line_1_2' title="bbox 285 1775 1460 1865; baseline -0.001 -20"><span class='ocrx_word' id='word_1_3' title='bbox 285 1775 443 1845; x_wconf 87' lang='lat' dir='ltr'><strong>Scribenti</strong></span> <span class='ocrx_word' id='word_1_4' title='bbox 459 1776 537 1843; x_wconf 93' lang='lat' dir='ltr'><strong>mihi</strong></span> <span class='ocrx_word' id='word_1_5' title='bbox 553 1776 593 1844; x_wconf 92' lang='lat' dir='ltr'><strong>de</strong></span> <span class='ocrx_word' id='word_1_6' title='bbox 608 1775 793 1864; x_wconf 83' lang='lat' dir='ltr'><strong>primordiis</strong></span> <span class='ocrx_word' id='word_1_7' title='bbox 811 1776 991 1845; x_wconf 90' lang='lat' dir='ltr'><strong>studiorum</strong></span> <span class='ocrx_word' id='word_1_8' title='bbox 1007 1776 1234 1845; x_wconf 91' lang='lat' dir='ltr'><strong>hebraicorum</strong></span> <span class='ocrx_word' id='word_1_9' title='bbox 1256 1777 1340 1865; x_wconf 90' lang='lat' dir='ltr'><strong>apud</strong></span> <span class='ocrx_word' id='word_1_10' title='bbox 1355 1777 1460 1845; x_wconf 92' lang='lat' dir='ltr'><strong>homi·</strong></span> 
     </span>
    </p>
   </div>
   <div class='ocr_carea' id='block_1_3' title="bbox 241 1890 1556 1981">
    <p class='ocr_par' dir='ltr' id='par_1_3' title="bbox 241 1890 1556 1981">
     <span class='ocr_line' id='line_1_3' title="bbox 241 1890 1556 1981; baseline 0.005 -23"><span class='ocrx_word' id='word_1_11' title='bbox 241 1912 298 1959; x_wconf 92' lang='lat' dir='ltr'><strong>nes</strong></span> <span class='ocrx_word' id='word_1_12' title='bbox 321 1901 440 1959; x_wconf 76' lang='lat' dir='ltr'><strong>nostrae</strong></span> <span class='ocrx_word' id='word_1_13' title='bbox 464 1890 583 1978; x_wconf 82' lang='lat' dir='ltr'><strong>gentis,</strong></span> <span class='ocrx_word' id='word_1_14' title='bbox 615 1894 677 1959; x_wconf 89' lang='lat' dir='ltr'><strong>hoo</strong></span> <span class='ocrx_word' id='word_1_15' title='bbox 699 1892 815 1960; x_wconf 87' lang='lat' dir='ltr'><strong>accidit</strong></span> <span class='ocrx_word' id='word_1_16' title='bbox 838 1903 888 1976; x_wconf 92' lang='lat' dir='ltr'><strong>ut,</strong></span> <span class='ocrx_word' id='word_1_17' title='bbox 915 1913 997 1980; x_wconf 89' lang='lat' dir='ltr'><strong>quos</strong></span> <span class='ocrx_word' id='word_1_18' title='bbox 1022 1893 1190 1981; x_wconf 89' lang='lat' dir='ltr'><strong>proposito</strong></span> <span class='ocrx_word' id='word_1_19' title='bbox 1219 1913 1292 1960; x_wconf 91' lang='lat' dir='ltr'><strong>meo</strong></span> <span class='ocrx_word' id='word_1_20' title='bbox 1320 1891 1459 1961; x_wconf 82' lang='lat' dir='ltr'><strong>maxime</strong></span> <span class='ocrx_word' id='word_1_21' title='bbox 1554 1961 1556 1964; x_wconf 83' lang='lat'>.</span> 
     </span>
    </p>
   </div>
   <div class='ocr_carea' id='block_1_4' title="bbox 237 2007 1462 4867">
    <p class='ocr_par' dir='ltr' id='par_1_4' title="bbox 237 2007 1462 4867">
     <span class='ocr_line' id='line_1_4' title="bbox 241 2007 1459 2098; baseline 0.002 -24"><span class='ocrx_word' id='word_1_22' title='bbox 241 2009 383 2076; x_wconf 78' lang='lat' dir='ltr'><strong>faventes</strong></span> <span class='ocrx_word' id='word_1_23' title='bbox 397 2018 549 2098; x_wconf 84' lang='lat' dir='ltr'><strong>expertus</strong></span> <span class='ocrx_word' id='word_1_24' title='bbox 567 2028 668 2091; x_wconf 89' lang='lat' dir='ltr'><strong>eram,</strong></span> <span class='ocrx_word' id='word_1_25' title='bbox 686 2007 708 2074; x_wconf 95' lang='lat' dir='ltr'><strong>ii</strong></span> <span class='ocrx_word' id='word_1_26' title='bbox 724 2008 801 2075; x_wconf 90' lang='lat' dir='ltr'><strong>mihi</strong></span> <span class='ocrx_word' id='word_1_27' title='bbox 818 2008 989 2076; x_wconf 89' lang='lat' dir='ltr'><strong>immatura</strong></span> <span class='ocrx_word' id='word_1_28' title='bbox 1005 2020 1112 2076; x_wconf 89' lang='lat' dir='ltr'><strong>morte</strong></span> <span class='ocrx_word' id='word_1_29' title='bbox 1130 2007 1316 2096; x_wconf 75' lang='lat' dir='ltr'><strong>interempti</strong></span> <span class='ocrx_word' id='word_1_30' title='bbox 1336 2007 1459 2097; x_wconf 88' lang='lat' dir='ltr'><strong>imper-</strong></span> 
     </span>
     <span class='ocr_line' id='line_1_5' title="bbox 242 2122 1458 2212; baseline 0.002 -22"><span class='ocrx_word' id='word_1_31' title='bbox 242 2123 326 2191; x_wconf 88' lang='lat' dir='ltr'><strong>lccto</strong></span> <span class='ocrx_word' id='word_1_32' title='bbox 346 2143 446 2212; x_wconf 91' lang='lat' dir='ltr'><strong>opere</strong></span> <span class='ocrx_word' id='word_1_33' title='bbox 467 2122 604 2190; x_wconf 87' lang='lat' dir='ltr'><strong>dellendi</strong></span> <span class='ocrx_word' id='word_1_34' title='bbox 626 2135 752 2206; x_wconf 81' lang='lat' dir='ltr'><strong>essent3</strong></span> <span class='ocrx_word' id='word_1_35' title='bbox 770 2144 852 2211; x_wconf 82' lang='lat' dir='ltr'><strong>quos</strong></span> <span class='ocrx_word' id='word_1_36' title='bbox 869 2133 900 2190; x_wconf 88' lang='lat' dir='ltr'><strong>et</strong></span> <span class='ocrx_word' id='word_1_37' title='bbox 918 2123 979 2190; x_wconf 91' lang='lat' dir='ltr'><strong>vita</strong></span> <span class='ocrx_word' id='word_1_38' title='bbox 1000 2134 1120 2190; x_wconf 75' lang='lat' dir='ltr'><strong>mutuae</strong></span> <span class='ocrx_word' id='word_1_39' title='bbox 1140 2122 1288 2192; x_wconf 89' lang='lat' dir='ltr'><strong>amicitiae</strong></span> <span class='ocrx_word' id='word_1_40' title='bbox 1306 2124 1458 2192; x_wconf 87' lang='lat' dir='ltr'><strong>societate</strong></span> 
     </span>
     <span class='ocr_line' id='line_1_6' title="bbox 240 2237 1457 2327; baseline 0.001 -22"><span class='ocrx_word' id='word_1_41' title='bbox 240 2239 327 2306; x_wconf 92' lang='lat' dir='ltr'><strong>inter</strong></span> <span class='ocrx_word' id='word_1_42' title='bbox 340 2259 375 2305; x_wconf 89' lang='lat' dir='ltr'><strong>se</strong></span> <span class='ocrx_word' id='word_1_43' title='bbox 389 2238 609 2327; x_wconf 84' lang='lat' dir='ltr'><strong>conjunxerat,</strong></span> <span class='ocrx_word' id='word_1_44' title='bbox 623 2249 655 2306; x_wconf 93' lang='lat' dir='ltr'><strong>et</strong></span> <span class='ocrx_word' id='word_1_45' title='bbox 666 2258 756 2307; x_wconf 90' lang='lat' dir='ltr'><strong>mors</strong></span> <span class='ocrx_word' id='word_1_46' title='bbox 769 2237 850 2305; x_wconf 89' lang='lat' dir='ltr'><strong>intra</strong></span> <span class='ocrx_word' id='word_1_47' title='bbox 869 2259 986 2325; x_wconf 89' lang='lat' dir='ltr'><strong>paucos</strong></span> <span class='ocrx_word' id='word_1_48' title='bbox 1002 2239 1457 2326; x_wconf 80' lang='lat' dir='ltr'><strong>annoscuaequavit.0u01·um</strong></span> 
     </span>
     <span class='ocr_line' id='line_1_7' title="bbox 240 2351 1457 2442; baseline 0.003 -24"><span class='ocrx_word' id='word_1_49' title='bbox 240 2352 330 2441; x_wconf 89' lang='lat' dir='ltr'><strong>prior</strong></span> <span class='ocrx_word' id='word_1_50' title='bbox 346 2353 463 2421; x_wconf 90' lang='lat' dir='ltr'><strong>occidit</strong></span> <span class='ocrx_word' id='word_1_51' title='bbox 478 2353 543 2437; x_wconf 91' lang='lat' dir='ltr'><strong>ille,</strong></span> <span class='ocrx_word' id='word_1_52' title='bbox 561 2351 651 2442; x_wconf 89' lang='lat' dir='ltr'><strong>cujus</strong></span> <span class='ocrx_word' id='word_1_53' title='bbox 673 2352 816 2420; x_wconf 88' lang='lat' dir='ltr'><strong>oblivisci</strong></span> <span class='ocrx_word' id='word_1_54' title='bbox 836 2352 981 2421; x_wconf 90' lang='lat' dir='ltr'><strong>Sorbona</strong></span> <span class='ocrx_word' id='word_1_55' title='bbox 995 2373 1061 2421; x_wconf 94' lang='lat' dir='ltr'><strong>non</strong></span> <span class='ocrx_word' id='word_1_56' title='bbox 1080 2363 1196 2441; x_wconf 89' lang='lat' dir='ltr'><strong>potest,</strong></span> <span class='ocrx_word' id='word_1_57' title='bbox 1213 2353 1364 2422; x_wconf 79' lang='lat' dir='ltr'><strong>Arsenius</strong></span> <span class='ocrx_word' id='word_1_58' title='bbox 1380 2355 1457 2422; x_wconf 87' lang='lat' dir='ltr'><strong>Dar-</strong></span> 
     </span>
     <span class='ocr_line' id='line_1_8' title="bbox 240 2467 1458 2557; baseline 0.004 -24"><span class='ocrx_word' id='word_1_59' title='bbox 240 2478 404 2537; x_wconf 90' lang='lat' dir='ltr'><strong>mesteter.</strong></span> <span class='ocrx_word' id='word_1_60' title='bbox 422 2468 482 2548; x_wconf 86' lang='lat' dir='ltr'><strong>Qui</strong></span> <span class='ocrx_word' id='word_1_61' title='bbox 505 2482 659 2557; x_wconf 90' lang='lat' dir='ltr'><strong>quantum</strong></span> <span class='ocrx_word' id='word_1_62' title='bbox 680 2468 794 2537; x_wconf 83' lang='lat' dir='ltr'><strong>litteris</strong></span> <span class='ocrx_word' id='word_1_63' title='bbox 814 2489 878 2536; x_wconf 93' lang='lat' dir='ltr'><strong>non</strong></span> <span class='ocrx_word' id='word_1_64' title='bbox 899 2470 1002 2537; x_wconf 90' lang='lat' dir='ltr'><strong>solum</strong></span> <span class='ocrx_word' id='word_1_65' title='bbox 1024 2467 1187 2556; x_wconf 84' lang='lat' dir='ltr'><strong>gallicanis</strong></span> <span class='ocrx_word' id='word_1_66' title='bbox 1207 2469 1262 2537; x_wconf 90' lang='lat' dir='ltr'><strong>sed</strong></span> <span class='ocrx_word' id='word_1_67' title='bbox 1286 2470 1382 2537; x_wconf 90' lang='lat' dir='ltr'><strong>etiam</strong></span> <span class='ocrx_word' id='word_1_68' title='bbox 1403 2471 1458 2538; x_wconf 92' lang='lat' dir='ltr'><strong>he·</strong></span> 
     </span>
     <span class='ocr_line' id='line_1_9' title="bbox 240 2582 1459 2671; baseline 0.003 -22"><span class='ocrx_word' id='word_1_69' title='bbox 240 2582 358 2651; x_wconf 88' lang='lat' dir='ltr'><strong>braicis</strong></span> <span class='ocrx_word' id='word_1_70' title='bbox 372 2584 556 2667; x_wconf 90' lang='lat' dir='ltr'><strong>contulerit,</strong></span> <span class='ocrx_word' id='word_1_71' title='bbox 573 2584 649 2652; x_wconf 90' lang='lat' dir='ltr'><strong>satis</strong></span> <span class='ocrx_word' id='word_1_72' title='bbox 662 2594 774 2651; x_wconf 91' lang='lat' dir='ltr'><strong>notum</strong></span> <span class='ocrx_word' id='word_1_73' title='bbox 791 2595 852 2666; x_wconf 91' lang='lat' dir='ltr'><strong>est,</strong></span> <span class='ocrx_word' id='word_1_74' title='bbox 866 2584 922 2651; x_wconf 89' lang='lat' dir='ltr'><strong>sed</strong></span> <span class='ocrx_word' id='word_1_75' title='bbox 938 2583 1040 2650; x_wconf 92' lang='lat' dir='ltr'><strong>multo</strong></span> <span class='ocrx_word' id='word_1_76' title='bbox 1055 2583 1149 2671; x_wconf 93' lang='lat' dir='ltr'><strong>plura</strong></span> <span class='ocrx_word' id='word_1_77' title='bbox 1165 2583 1197 2650; x_wconf 94' lang='lat' dir='ltr'><strong>in</strong></span> <span class='ocrx_word' id='word_1_78' title='bbox 1213 2583 1337 2652; x_wconf 89' lang='lat' dir='ltr'><strong>schedis</strong></span> <span class='ocrx_word' id='word_1_79' title='bbox 1353 2583 1459 2653; x_wconf 88' lang='lat' dir='ltr'><strong>adhue</strong></span> 
     </span>
     <span class='ocr_line' id='line_1_10' title="bbox 241 2698 1457 2788; baseline 0 -23"><span class='ocrx_word' id='word_1_80' title='bbox 241 2700 339 2768; x_wconf 87' lang='lat' dir='ltr'><strong>latent</strong></span> <span class='ocrx_word' id='word_1_81' title='bbox 354 2719 433 2788; x_wconf 88' lang='lat' dir='ltr'><strong>quas</strong></span> <span class='ocrx_word' id='word_1_82' title='bbox 447 2700 589 2788; x_wconf 84' lang='lat' dir='ltr'><strong>reliquit,</strong></span> <span class='ocrx_word' id='word_1_83' title='bbox 606 2719 679 2767; x_wconf 90' lang='lat' dir='ltr'><strong>cum</strong></span> <span class='ocrx_word' id='word_1_84' title='bbox 695 2698 727 2765; x_wconf 94' lang='lat' dir='ltr'><strong>in</strong></span> <span class='ocrx_word' id='word_1_85' title='bbox 744 2699 849 2766; x_wconf 88' lang='lat' dir='ltr'><strong>auimo</strong></span> <span class='ocrx_word' id='word_1_86' title='bbox 869 2698 1005 2765; x_wconf 91' lang='lat' dir='ltr'><strong>haberet</strong></span> <span class='ocrx_word' id='word_1_87' title='bbox 1019 2709 1194 2787; x_wconf 91' lang='lat' dir='ltr'><strong>utrumque</strong></span> <span class='ocrx_word' id='word_1_88' title='bbox 1214 2718 1398 2767; x_wconf 90' lang='lat' dir='ltr'><strong>sermonem</strong></span> <span class='ocrx_word' id='word_1_89' title='bbox 1412 2698 1457 2767; x_wconf 92' lang='lat' dir='ltr'><strong>al-</strong></span> 
     </span>
     <span class='ocr_line' id='line_1_11' title="bbox 240 2812 1459 2902; baseline 0 -22"><span class='ocrx_word' id='word_1_90' title='bbox 240 2813 340 2882; x_wconf 90' lang='lat' dir='ltr'><strong>terius</strong></span> <span class='ocrx_word' id='word_1_91' title='bbox 363 2813 468 2883; x_wconf 90' lang='lat' dir='ltr'><strong>studio</strong></span> <span class='ocrx_word' id='word_1_92' title='bbox 490 2814 664 2883; x_wconf 90' lang='lat' dir='ltr'><strong>illustrare.</strong></span> <span class='ocrx_word' id='word_1_93' title='bbox 693 2814 813 2882; x_wconf 78' lang='lat' dir='ltr'>Pendet</span> <span class='ocrx_word' id='word_1_94' title='bbox 835 2812 966 2902; x_wconf 86' lang='lat' dir='ltr'><strong>quidem</strong></span> <span class='ocrx_word' id='word_1_95' title='bbox 988 2834 1071 2900; x_wconf 89' lang='lat' dir='ltr'><strong>opus</strong></span> <span class='ocrx_word' id='word_1_96' title='bbox 1089 2813 1320 2901; x_wconf 87' lang='lat' dir='ltr'><strong>interruptum,</strong></span> <span class='ocrx_word' id='word_1_97' title='bbox 1346 2814 1400 2881; x_wconf 87' lang='lat' dir='ltr'><strong>sed</strong></span> <span class='ocrx_word' id='word_1_98' title='bbox 1422 2813 1459 2881; x_wconf 91' lang='lat' dir='ltr'><strong>iis</strong></span> 
     </span>
     <span class='ocr_line' id='line_1_12' title="bbox 240 2928 1460 3019; baseline 0.002 -25"><span class='ocrx_word' id='word_1_99' title='bbox 240 2929 353 3017; x_wconf 90' lang='lat' dir='ltr'><strong>copiis,</strong></span> <span class='ocrx_word' id='word_1_100' title='bbox 373 2950 452 3019; x_wconf 87' lang='lat' dir='ltr'><strong>quas</strong></span> <span class='ocrx_word' id='word_1_101' title='bbox 472 2930 633 2997; x_wconf 84' lang='lat' dir='ltr'><strong>indefesso</strong></span> <span class='ocrx_word' id='word_1_102' title='bbox 648 2929 760 2997; x_wconf 89' lang='lat' dir='ltr'><strong>labore</strong></span> <span class='ocrx_word' id='word_1_103' title='bbox 781 2948 841 3017; x_wconf 92' lang='lat' dir='ltr'><strong>per</strong></span> <span class='ocrx_word' id='word_1_104' title='bbox 857 2939 957 2995; x_wconf 87' lang='lat' dir='ltr'><strong>totam</strong></span> <span class='ocrx_word' id='word_1_105' title='bbox 976 2928 1138 3017; x_wconf 82' lang='lat' dir='ltr'><strong>Europam</strong></span> <span class='ocrx_word' id='word_1_106' title='bbox 1156 2939 1374 3015; x_wconf 82' lang='lat' dir='ltr'><strong>congesserat,</strong></span> <span class='ocrx_word' id='word_1_107' title='bbox 1394 2949 1460 2996; x_wconf 92' lang='lat' dir='ltr'><strong>non</strong></span> 
     </span>
     <span class='ocr_line' id='line_1_13' title="bbox 239 3042 1459 3136; baseline 0 -25"><span class='ocrx_word' id='word_1_108' title='bbox 239 3046 494 3136; x_wconf 90' lang='lat' dir='ltr'><strong>inperpetuum,</strong></span> <span class='ocrx_word' id='word_1_109' title='bbox 512 3056 548 3113; x_wconf 93' lang='lat' dir='ltr'><strong>ut</strong></span> <span class='ocrx_word' id='word_1_110' title='bbox 563 3065 744 3133; x_wconf 79' lang='lat' dir='ltr'><strong>speramus,</strong></span> <span class='ocrx_word' id='word_1_111' title='bbox 759 3043 995 3112; x_wconf 88' lang='lat' dir='ltr'><strong>fraudabimur.</strong></span> <span class='ocrx_word' id='word_1_112' title='bbox 1014 3042 1158 3111; x_wconf 81' lang='lat' dir='ltr'><strong>Alterum</strong></span> <span class='ocrx_word' id='word_1_113' title='bbox 1175 3056 1283 3111; x_wconf 90' lang='lat' dir='ltr'><strong>autem</strong></span> <span class='ocrx_word' id='word_1_114' title='bbox 1300 3043 1459 3112; x_wconf 91' lang='lat' dir='ltr'><strong>lsidorum</strong></span> 
     </span>
     <span class='ocr_line' id='line_1_14' title="bbox 240 3158 1459 3248; baseline -0.002 -19"><span class='ocrx_word' id='word_1_115' title='bbox 240 3159 315 3230; x_wconf 87' lang='lat' dir='ltr'><strong>Loeb</strong></span> <span class='ocrx_word' id='word_1_116' title='bbox 332 3159 561 3232; x_wconf 80' lang='lat' dir='ltr'><strong>recentissimis</strong></span> <span class='ocrx_word' id='word_1_117' title='bbox 576 3160 690 3228; x_wconf 89' lang='lat' dir='ltr'><strong>diebus</strong></span> <span class='ocrx_word' id='word_1_118' title='bbox 706 3160 769 3228; x_wconf 88' lang='lat' dir='ltr'><strong>latu</strong></span> <span class='ocrx_word' id='word_1_119' title='bbox 786 3160 931 3228; x_wconf 85' lang='lat' dir='ltr'><strong>functum</strong></span> <span class='ocrx_word' id='word_1_120' title='bbox 949 3158 1108 3226; x_wconf 88' lang='lat' dir='ltr'><strong>dolemus.</strong></span> <span class='ocrx_word' id='word_1_121' title='bbox 1125 3158 1184 3238; x_wconf 85' lang='lat' dir='ltr'><strong>Qui</strong></span> <span class='ocrx_word' id='word_1_122' title='bbox 1204 3159 1314 3227; x_wconf 88' lang='lat' dir='ltr'><strong>multis</strong></span> <span class='ocrx_word' id='word_1_123' title='bbox 1327 3160 1459 3248; x_wconf 89' lang='lat' dir='ltr'><strong>quidem</strong></span> 
     </span>
     <span class='ocr_line' id='line_1_15' title="bbox 240 3275 1459 3364; baseline -0.002 -18"><span class='ocrx_word' id='word_1_124' title='bbox 240 3276 356 3346; x_wconf 90' lang='lat' dir='ltr'><strong>llebilis</strong></span> <span class='ocrx_word' id='word_1_125' title='bbox 366 3276 492 3358; x_wconf 89' lang='lat' dir='ltr'><strong>oceidit,</strong></span> <span class='ocrx_word' id='word_1_126' title='bbox 503 3275 578 3344; x_wconf 93' lang='lat' dir='ltr'><strong>mihi</strong></span> <span class='ocrx_word' id='word_1_127' title='bbox 589 3275 847 3364; x_wconf 72' lang='lat' dir='ltr'><strong>praesertimqui</strong></span> <span class='ocrx_word' id='word_1_128' title='bbox 858 3276 920 3342; x_wconf 90' lang='lat' dir='ltr'><strong>huc</strong></span> <span class='ocrx_word' id='word_1_129' title='bbox 930 3275 962 3341; x_wconf 92' lang='lat' dir='ltr'><strong>in</strong></span> <span class='ocrx_word' id='word_1_130' title='bbox 974 3275 1239 3343; x_wconf 91' lang='lat' dir='ltr'><strong>consuetudinem</strong></span> <span class='ocrx_word' id='word_1_131' title='bbox 1251 3276 1459 3360; x_wconf 87' lang='lat' dir='ltr'><strong>adduxeram,</strong></span> 
     </span>
     <span class='ocr_line' id='line_1_16' title="bbox 240 3389 1459 3482; baseline -0.002 -21"><span class='ocrx_word' id='word_1_132' title='bbox 240 3406 276 3461; x_wconf 92' lang='lat' dir='ltr'><strong>ut</strong></span> <span class='ocrx_word' id='word_1_133' title='bbox 297 3413 372 3462; x_wconf 90' lang='lat' dir='ltr'><strong>eum</strong></span> <span class='ocrx_word' id='word_1_134' title='bbox 391 3392 535 3482; x_wconf 84' lang='lat' dir='ltr'><strong>quotidie</strong></span> <span class='ocrx_word' id='word_1_135' title='bbox 557 3394 589 3459; x_wconf 91' lang='lat' dir='ltr'><strong>in</strong></span> <span class='ocrx_word' id='word_1_136' title='bbox 613 3391 782 3460; x_wconf 88' lang='lat' dir='ltr'><strong>consilium</strong></span> <span class='ocrx_word' id='word_1_137' title='bbox 803 3389 991 3458; x_wconf 87' lang='lat' dir='ltr'><strong>adhiberem</strong></span> <span class='ocrx_word' id='word_1_138' title='bbox 1012 3390 1103 3458; x_wconf 89' lang='lat' dir='ltr'><strong>etde</strong></span> <span class='ocrx_word' id='word_1_139' title='bbox 1124 3390 1221 3458; x_wconf 88' lang='lat' dir='ltr'><strong>rebus</strong></span> <span class='ocrx_word' id='word_1_140' title='bbox 1240 3389 1399 3460; x_wconf 84' lang='lat' dir='ltr'><strong>hebraicis</strong></span> <span class='ocrx_word' id='word_1_141' title='bbox 1419 3413 1459 3459; x_wconf 92' lang='lat' dir='ltr'><strong>ne</strong></span> 
     </span>
     <span class='ocr_line' id='line_1_17' title="bbox 240 3506 1461 3599; baseline -0.001 -23"><span class='ocrx_word' id='word_1_142' title='bbox 240 3529 336 3577; x_wconf 91' lang='lat' dir='ltr'><strong>unam</strong></span> <span class='ocrx_word' id='word_1_143' title='bbox 358 3509 489 3599; x_wconf 90' lang='lat' dir='ltr'><strong>quidem</strong></span> <span class='ocrx_word' id='word_1_144' title='bbox 512 3508 629 3576; x_wconf 90' lang='lat' dir='ltr'><strong>lineam</strong></span> <span class='ocrx_word' id='word_1_145' title='bbox 655 3508 836 3577; x_wconf 88' lang='lat' dir='ltr'><strong>inconsultu</strong></span> <span class='ocrx_word' id='word_1_146' title='bbox 862 3507 919 3575; x_wconf 92' lang='lat' dir='ltr'><strong>illo</strong></span> <span class='ocrx_word' id='word_1_147' title='bbox 941 3506 1130 3575; x_wconf 83' lang='lat' dir='ltr'><strong>scriberem.</strong></span> <span class='ocrx_word' id='word_1_148' title='bbox 1156 3508 1214 3575; x_wconf 89' lang='lat' dir='ltr'><strong>llic</strong></span> <span class='ocrx_word' id='word_1_149' title='bbox 1235 3528 1309 3576; x_wconf 89' lang='lat' dir='ltr'><strong>oum</strong></span> <span class='ocrx_word' id='word_1_150' title='bbox 1333 3518 1461 3575; x_wconf 79' lang='lat' dir='ltr'><strong>curaret</strong></span> 
     </span>
     <span class='ocr_line' id='line_1_18' title="bbox 239 3621 1462 3713; baseline -0.001 -21"><span class='ocrx_word' id='word_1_151' title='bbox 239 3635 276 3692; x_wconf 93' lang='lat' dir='ltr'><strong>ut</strong></span> <span class='ocrx_word' id='word_1_152' title='bbox 296 3645 372 3693; x_wconf 89' lang='lat' dir='ltr'><strong>suos</strong></span> <span class='ocrx_word' id='word_1_153' title='bbox 396 3644 455 3713; x_wconf 92' lang='lat' dir='ltr'><strong>per</strong></span> <span class='ocrx_word' id='word_1_154' title='bbox 477 3622 661 3691; x_wconf 88' lang='lat' dir='ltr'><strong>universum</strong></span> <span class='ocrx_word' id='word_1_155' title='bbox 688 3621 800 3689; x_wconf 92' lang='lat' dir='ltr'><strong>orbem</strong></span> <span class='ocrx_word' id='word_1_156' title='bbox 823 3622 1068 3711; x_wconf 72' lang='lat' dir='ltr'><strong>peregrinantes</strong></span> <span class='ocrx_word' id='word_1_157' title='bbox 1091 3631 1123 3689; x_wconf 92' lang='lat' dir='ltr'><strong>et</strong></span> <span class='ocrx_word' id='word_1_158' title='bbox 1146 3621 1267 3711; x_wconf 88' lang='lat' dir='ltr'><strong>ubique</strong></span> <span class='ocrx_word' id='word_1_159' title='bbox 1292 3621 1462 3712; x_wconf 91' lang='lat' dir='ltr'><strong>dissipatos</strong></span> 
     </span>
     <span class='ocr_line' id='line_1_19' title="bbox 239 3735 1458 3829; baseline -0.001 -22"><span class='ocrx_word' id='word_1_160' title='bbox 239 3752 325 3808; x_wconf 90' lang='lat' dir='ltr'><strong>arcta</strong></span> <span class='ocrx_word' id='word_1_161' title='bbox 344 3740 480 3829; x_wconf 89' lang='lat' dir='ltr'><strong>quadam</strong></span> <span class='ocrx_word' id='word_1_162' title='bbox 504 3737 654 3806; x_wconf 88' lang='lat' dir='ltr'><strong>societate</strong></span> <span class='ocrx_word' id='word_1_163' title='bbox 678 3736 854 3805; x_wconf 86' lang='lat' dir='ltr'><strong>devinciret</strong></span> <span class='ocrx_word' id='word_1_164' title='bbox 874 3747 906 3805; x_wconf 90' lang='lat' dir='ltr'><strong>et</strong></span> <span class='ocrx_word' id='word_1_165' title='bbox 924 3735 957 3803; x_wconf 95' lang='lat' dir='ltr'><strong>in</strong></span> <span class='ocrx_word' id='word_1_166' title='bbox 973 3758 1072 3804; x_wconf 92' lang='lat' dir='ltr'><strong>unum</strong></span> <span class='ocrx_word' id='word_1_167' title='bbox 1095 3759 1213 3825; x_wconf 89' lang='lat' dir='ltr'><strong>corpus</strong></span> <span class='ocrx_word' id='word_1_168' title='bbox 1234 3751 1458 3827; x_wconf 88' lang='lat' dir='ltr'><strong>componeret,</strong></span> 
     </span>
     <span class='ocr_line' id='line_1_20' title="bbox 238 3851 1459 3942; baseline -0.002 -20"><span class='ocrx_word' id='word_1_169' title='bbox 238 3855 398 3924; x_wconf 82' lang='lat' dir='ltr'><strong>hebraicae</strong></span> <span class='ocrx_word' id='word_1_170' title='bbox 419 3855 524 3942; x_wconf 82' lang='lat' dir='ltr'><strong>gentis</strong></span> <span class='ocrx_word' id='word_1_171' title='bbox 548 3863 831 3921; x_wconf 90' lang='lat' dir='ltr'><strong>monumentorum</strong></span> <span class='ocrx_word' id='word_1_172' title='bbox 848 3853 891 3920; x_wconf 87' lang='lat' dir='ltr'><strong>ita</strong></span> <span class='ocrx_word' id='word_1_173' title='bbox 909 3851 1057 3920; x_wconf 89' lang='lat' dir='ltr'><strong>curiosus</strong></span> <span class='ocrx_word' id='word_1_174' title='bbox 1077 3863 1157 3935; x_wconf 89' lang='lat' dir='ltr'><strong>erat,</strong></span> <span class='ocrx_word' id='word_1_175' title='bbox 1175 3863 1210 3920; x_wconf 92' lang='lat' dir='ltr'><strong>ut</strong></span> <span class='ocrx_word' id='word_1_176' title='bbox 1224 3853 1257 3920; x_wconf 95' lang='lat' dir='ltr'><strong>in</strong></span> <span class='ocrx_word' id='word_1_177' title='bbox 1272 3852 1318 3921; x_wconf 91' lang='lat' dir='ltr'><strong>eis</strong></span> <span class='ocrx_word' id='word_1_178' title='bbox 1334 3874 1407 3942; x_wconf 84' lang='lat' dir='ltr'><strong>quae</strong></span> <span class='ocrx_word' id='word_1_179' title='bbox 1420 3854 1459 3920; x_wconf 93' lang='lat' dir='ltr'><strong>ad</strong></span> 
     </span>
     <span class='ocr_line' id='line_1_21' title="bbox 240 3967 1459 4058; baseline -0.001 -22"><span class='ocrx_word' id='word_1_180' title='bbox 240 3969 401 4038; x_wconf 91' lang='lat' dir='ltr'><strong>rabbinica</strong></span> <span class='ocrx_word' id='word_1_181' title='bbox 426 3969 523 4036; x_wconf 91' lang='lat' dir='ltr'><strong>medii</strong></span> <span class='ocrx_word' id='word_1_182' title='bbox 546 3969 603 4037; x_wconf 82' lang='lat' dir='ltr'><strong>mvi</strong></span> <span class='ocrx_word' id='word_1_183' title='bbox 624 3968 728 4036; x_wconf 93' lang='lat' dir='ltr'><strong>studia</strong></span> <span class='ocrx_word' id='word_1_184' title='bbox 752 3967 913 4056; x_wconf 89' lang='lat' dir='ltr'><strong>pertinent</strong></span> <span class='ocrx_word' id='word_1_185' title='bbox 936 3967 985 4034; x_wconf 80' lang='lat' dir='ltr'><strong>vir</strong></span> <span class='ocrx_word' id='word_1_186' title='bbox 1007 3967 1090 4035; x_wconf 90' lang='lat' dir='ltr'><strong>ullus</strong></span> <span class='ocrx_word' id='word_1_187' title='bbox 1112 3988 1184 4036; x_wconf 92' lang='lat' dir='ltr'><strong>cum</strong></span> <span class='ocrx_word' id='word_1_188' title='bbox 1208 3988 1247 4035; x_wconf 92' lang='lat' dir='ltr'><strong>eo</strong></span> <span class='ocrx_word' id='word_1_189' title='bbox 1268 3969 1459 4058; x_wconf 85' lang='lat' dir='ltr'><strong>aequiparari</strong></span> 
     </span>
     <span class='ocr_line' id='line_1_22' title="bbox 239 4082 1460 4174; baseline 0 -22"><span class='ocrx_word' id='word_1_190' title='bbox 239 4095 358 4174; x_wconf 90' lang='lat' dir='ltr'><strong>posset.</strong></span> <span class='ocrx_word' id='word_1_191' title='bbox 382 4085 627 4154; x_wconf 88' lang='lat' dir='ltr'><strong>Contentiunum</strong></span> <span class='ocrx_word' id='word_1_192' title='bbox 649 4083 810 4172; x_wconf 86' lang='lat' dir='ltr'><strong>praecipue</strong></span> <span class='ocrx_word' id='word_1_193' title='bbox 834 4083 974 4166; x_wconf 89' lang='lat' dir='ltr'><strong>illarum,</strong></span> <span class='ocrx_word' id='word_1_194' title='bbox 995 4102 1068 4171; x_wconf 82' lang='lat' dir='ltr'><strong>qum</strong></span> <span class='ocrx_word' id='word_1_195' title='bbox 1083 4092 1153 4150; x_wconf 83' lang='lat' dir='ltr'>x111⁰</span> <span class='ocrx_word' id='word_1_196' title='bbox 1177 4084 1294 4151; x_wconf 84' lang='lat' dir='ltr'><strong>saeculo</strong></span> <span class='ocrx_word' id='word_1_197' title='bbox 1316 4082 1348 4150; x_wconf 94' lang='lat' dir='ltr'><strong>in</strong></span> <span class='ocrx_word' id='word_1_198' title='bbox 1363 4082 1460 4152; x_wconf 89' lang='lat' dir='ltr'><strong>Gallia</strong></span> 
     </span>
     <span class='ocr_line' id='line_1_23' title="bbox 241 4198 1458 4288; baseline -0.002 -20"><span class='ocrx_word' id='word_1_199' title='bbox 241 4209 272 4268; x_wconf 89' lang='lat' dir='ltr'><strong>et</strong></span> <span class='ocrx_word' id='word_1_200' title='bbox 286 4199 318 4267; x_wconf 94' lang='lat' dir='ltr'><strong>in</strong></span> <span class='ocrx_word' id='word_1_201' title='bbox 332 4200 481 4288; x_wconf 90' lang='lat' dir='ltr'><strong>Hispania</strong></span> <span class='ocrx_word' id='word_1_202' title='bbox 496 4200 579 4267; x_wconf 90' lang='lat' dir='ltr'><strong>inter</strong></span> <span class='ocrx_word' id='word_1_203' title='bbox 593 4199 720 4268; x_wconf 78' lang='lat' dir='ltr'><strong>ludaeos</strong></span> <span class='ocrx_word' id='word_1_204' title='bbox 736 4211 767 4266; x_wconf 94' lang='lat' dir='ltr'><strong>et</strong></span> <span class='ocrx_word' id='word_1_205' title='bbox 782 4198 972 4266; x_wconf 87' lang='lat' dir='ltr'><strong>christianos</strong></span> <span class='ocrx_word' id='word_1_206' title='bbox 988 4207 1188 4281; x_wconf 83' lang='lat' dir='ltr'><strong>exarserunt,</strong></span> <span class='ocrx_word' id='word_1_207' title='bbox 1202 4210 1234 4265; x_wconf 91' lang='lat' dir='ltr'><strong>et</strong></span> <span class='ocrx_word' id='word_1_208' title='bbox 1244 4199 1458 4266; x_wconf 84' lang='lat' dir='ltr'><strong>calamitatum</strong></span> 
     </span>
     <span class='ocr_line' id='line_1_24' title="bbox 240 4313 1457 4404; baseline -0.002 -20"><span class='ocrx_word' id='word_1_209' title='bbox 240 4316 345 4403; x_wconf 84' lang='lat' dir='ltr'><strong>gentis</strong></span> <span class='ocrx_word' id='word_1_210' title='bbox 360 4315 519 4384; x_wconf 89' lang='lat' dir='ltr'><strong>hebraicae</strong></span> <span class='ocrx_word' id='word_1_211' title='bbox 534 4315 716 4404; x_wconf 89' lang='lat' dir='ltr'><strong>reliquisset</strong></span> <span class='ocrx_word' id='word_1_212' title='bbox 730 4314 909 4396; x_wconf 86' lang='lat' dir='ltr'><strong>historiam,</strong></span> <span class='ocrx_word' id='word_1_213' title='bbox 933 4314 958 4381; x_wconf 89' lang='lat' dir='ltr'><strong>si</strong></span> <span class='ocrx_word' id='word_1_214' title='bbox 973 4313 1003 4380; x_wconf 92' lang='lat' dir='ltr'><strong>ei</strong></span> <span class='ocrx_word' id='word_1_215' title='bbox 1018 4335 1099 4401; x_wconf 91' lang='lat' dir='ltr'><strong>opus</strong></span> <span class='ocrx_word' id='word_1_216' title='bbox 1121 4313 1288 4381; x_wconf 87' lang='lat' dir='ltr'><strong>absolvere</strong></span> <span class='ocrx_word' id='word_1_217' title='bbox 1304 4313 1457 4383; x_wconf 84' lang='lat' dir='ltr'><strong>licuisset.</strong></span> 
     </span>
     <span class='ocr_line' id='line_1_25' title="bbox 237 4427 1460 4511; baseline -0.002 -12"><span class='ocrx_word' id='word_1_218' title='bbox 237 4430 335 4499; x_wconf 80' lang='lat' dir='ltr'><strong>Tanta</strong></span> <span class='ocrx_word' id='word_1_219' title='bbox 351 4442 419 4499; x_wconf 90' lang='lat' dir='ltr'><strong>erat</strong></span> <span class='ocrx_word' id='word_1_220' title='bbox 434 4430 465 4497; x_wconf 92' lang='lat' dir='ltr'><strong>in</strong></span> <span class='ocrx_word' id='word_1_221' title='bbox 481 4452 520 4499; x_wconf 91' lang='lat' dir='ltr'><strong>eo</strong></span> <span class='ocrx_word' id='word_1_222' title='bbox 535 4430 727 4498; x_wconf 87' lang='lat' dir='ltr'><strong>verecundia</strong></span> <span class='ocrx_word' id='word_1_223' title='bbox 743 4439 774 4496; x_wconf 86' lang='lat' dir='ltr'><strong>et</strong></span> <span class='ocrx_word' id='word_1_224' title='bbox 788 4439 852 4496; x_wconf 86' lang='lat' dir='ltr'><strong>tam</strong></span> <span class='ocrx_word' id='word_1_225' title='bbox 870 4428 951 4495; x_wconf 88' lang='lat' dir='ltr'><strong>mira</strong></span> <span class='ocrx_word' id='word_1_226' title='bbox 966 4427 1158 4511; x_wconf 86' lang='lat' dir='ltr'><strong>humanitas,</strong></span> <span class='ocrx_word' id='word_1_227' title='bbox 1177 4440 1210 4495; x_wconf 92' lang='lat' dir='ltr'><strong>ut</strong></span> <span class='ocrx_word' id='word_1_228' title='bbox 1225 4428 1296 4496; x_wconf 88' lang='lat' dir='ltr'><strong>aliis</strong></span> <span class='ocrx_word' id='word_1_229' title='bbox 1309 4428 1460 4497; x_wconf 90' lang='lat' dir='ltr'><strong>libentius</strong></span> 
     </span>
     <span class='ocr_line' id='line_1_26' title="bbox 238 4543 1459 4638; baseline -0.002 -22"><span class='ocrx_word' id='word_1_230' title='bbox 238 4568 334 4638; x_wconf 84' lang='lat' dir='ltr'><strong>quam</strong></span> <span class='ocrx_word' id='word_1_231' title='bbox 358 4546 418 4615; x_wconf 92' lang='lat' dir='ltr'><strong>sibi</strong></span> <span class='ocrx_word' id='word_1_232' title='bbox 442 4548 636 4629; x_wconf 88' lang='lat' dir='ltr'><strong>consuleret,</strong></span> <span class='ocrx_word' id='word_1_233' title='bbox 658 4566 733 4614; x_wconf 87' lang='lat' dir='ltr'><strong>vere</strong></span> <span class='ocrx_word' id='word_1_234' title='bbox 759 4543 898 4613; x_wconf 87' lang='lat' dir='ltr'><strong>lsraelita</strong></span> <span class='ocrx_word' id='word_1_235' title='bbox 923 4545 954 4611; x_wconf 92' lang='lat' dir='ltr'><strong>in</strong></span> <span class='ocrx_word' id='word_1_236' title='bbox 980 4565 1044 4633; x_wconf 89' lang='lat' dir='ltr'><strong>quo</strong></span> <span class='ocrx_word' id='word_1_237' title='bbox 1064 4544 1142 4612; x_wconf 88' lang='lat' dir='ltr'><strong>nihil</strong></span> <span class='ocrx_word' id='word_1_238' title='bbox 1165 4557 1234 4612; x_wconf 88' lang='lat' dir='ltr'><strong>erat</strong></span> <span class='ocrx_word' id='word_1_239' title='bbox 1257 4544 1391 4614; x_wconf 78' lang='lat' dir='ltr'><strong>fraudis.</strong></span> <span class='ocrx_word' id='word_1_240' title='bbox 1413 4545 1459 4613; x_wconf 80' lang='lat' dir='ltr'><strong>llo</strong></span> 
     </span>
     <span class='ocr_line' id='line_1_27' title="bbox 238 4659 1456 4750; baseline -0.002 -20"><span class='ocrx_word' id='word_1_241' title='bbox 238 4661 405 4745; x_wconf 83' lang='lat' dir='ltr'><strong>exstincto,</strong></span> <span class='ocrx_word' id='word_1_242' title='bbox 431 4662 525 4729; x_wconf 91' lang='lat' dir='ltr'><strong>nobis</strong></span> <span class='ocrx_word' id='word_1_243' title='bbox 547 4682 613 4729; x_wconf 92' lang='lat' dir='ltr'><strong>non</strong></span> <span class='ocrx_word' id='word_1_244' title='bbox 635 4661 713 4729; x_wconf 92' lang='lat' dir='ltr'><strong>nihil</strong></span> <span class='ocrx_word' id='word_1_245' title='bbox 734 4659 855 4743; x_wconf 87' lang='lat' dir='ltr'><strong>auxilii,</strong></span> <span class='ocrx_word' id='word_1_246' title='bbox 886 4681 948 4748; x_wconf 83' lang='lat' dir='ltr'><strong>qna</strong></span> <span class='ocrx_word' id='word_1_247' title='bbox 976 4669 1024 4727; x_wconf 89' lang='lat' dir='ltr'><strong>est</strong></span> <span class='ocrx_word' id='word_1_248' title='bbox 1049 4661 1193 4729; x_wconf 89' lang='lat' dir='ltr'><strong>doctrina</strong></span> <span class='ocrx_word' id='word_1_249' title='bbox 1226 4673 1259 4730; x_wconf 90' lang='lat' dir='ltr'><strong>et</strong></span> <span class='ocrx_word' id='word_1_250' title='bbox 1285 4660 1456 4750; x_wconf 87' lang='lat' dir='ltr'><strong>obsequio,</strong></span> 
     </span>
     <span class='ocr_line' id='line_1_28' title="bbox 237 4774 1457 4867; baseline 0.001 -22"><span class='ocrx_word' id='word_1_251' title='bbox 237 4778 355 4847; x_wconf 81' lang='lat' dir='ltr'><strong>afferre</strong></span> <span class='ocrx_word' id='word_1_252' title='bbox 371 4778 578 4866; x_wconf 83' lang='lat' dir='ltr'><strong>dignatusest</strong></span> <span class='ocrx_word' id='word_1_253' title='bbox 590 4777 657 4845; x_wconf 84' lang='lat' dir='ltr'><strong>los.</strong></span> <span class='ocrx_word' id='word_1_254' title='bbox 670 4777 843 4861; x_wconf 91' lang='lat' dir='ltr'><strong>Lehmann,</strong></span> <span class='ocrx_word' id='word_1_255' title='bbox 857 4774 1019 4844; x_wconf 92' lang='lat' dir='ltr'><strong>seminarii</strong></span> <span class='ocrx_word' id='word_1_256' title='bbox 1030 4775 1173 4844; x_wconf 86' lang='lat' dir='ltr'><strong>hebraici</strong></span> <span class='ocrx_word' id='word_1_257' title='bbox 1185 4777 1339 4866; x_wconf 88' lang='lat' dir='ltr'><strong>ephorus,</strong></span> <span class='ocrx_word' id='word_1_258' title='bbox 1352 4799 1457 4867; x_wconf 90' lang='lat' dir='ltr'><strong>neque</strong></span> 
     </span>
    </p>
   </div>
   <div class='ocr_carea' id='block_1_5' title="bbox 0 0 1594 5580">
    <p class='ocr_par' dir='ltr' id='par_1_5' title="bbox 0 0 1594 5580">
     <span class='ocr_line' id='line_1_29' title="bbox 0 0 1594 5580; baseline 0 0"><span class='ocrx_word' id='word_1_259' title='bbox 0 0 1594 5580; x_wconf 95' lang='lat' dir='ltr'><strong> </strong></span> 
     </span>
    </p>
   </div>
  </div>
 </body>
</html>
