3180 5580
664 863 883 931 catttttttt'tt
907 862 930 927 ll

593 1095 786 1142 Nicotaus
818 1095 862 1142 Ill]
895 1095 990 1141 Ltnn

221 1327 263 1387 De
284 1325 403 1385 Nicolao
423 1324 535 1404 Lyrano
557 1325 641 1385 uobis
662 1324 791 1385 breuiter
809 1332 922 1401 rigetur,
943 1343 1033 1402 quum
1055 1325 1154 1385 onmia
1175 1323 1237 1384 loro
1257 1325 1323 1385 aliis
1343 1325 1405 1405 jam

183 1421 258 1481 diota
281 1423 340 1481 sint
355 1440 419 1500 quaa
435 1420 520 1481 nobis
537 1422 573 1481 de
594 1421 643 1481 illo
663 1421 787 1482 dicenda
807 1428 917 1481 esseut.
934 1420 1133 1481 Tritissimum
1150 1427 1194 1481 est
1209 1420 1407 1483 Postiltaram

182 1527 332 1579 auctorem
354 1526 431 1577 tanta
453 1518 579 1577 valuisse
599 1517 803 1577 hebraicarum
824 1535 923 1577 rerum
944 1519 1060 1592 notitia,
1082 1524 1114 1576 ut
1136 1517 1236 1577 multis
1260 1517 1406 1579 Hebenus

182 1615 273 1674 luisse
298 1614 393 1675 dietus
418 1616 467 1674 sit.
493 1613 586 1685 Quam
613 1616 800 1693 opinionem,
828 1631 894 1674 curn
926 1614 959 1674 d.
988 1612 1091 1674 Simon
1115 1632 1217 1695 parurn
1244 1611 1407 1695 probabilis

183 1714 243 1773 visa
264 1715 313 1788 sit,
330 1714 367 1771 iis
387 1714 568 1789 argumentis
584 1714 831 1791 impugnaverunt
851 1711 883 1771 t.
905 1710 1059 1791 [lappollus
1080 1719 1108 1771 ot
1131 1711 1220 1772 ll.-H.
1245 1711 1406 1788 Reinhard,

184 1814 215 1867 ut
226 1807 262 1867 do
275 1827 307 1867 ea
320 1811 420 1887 plataeis
432 1808 598 1868 ahsolutum
614 1810 662 1869 sit.
675 1808 776 1887 Neque
786 1807 944 1883 Lutlrorus,
957 1811 1006 1887 qui
1021 1807 1166 1887 Lprauurn
1183 1807 1300 1869 assidua
1317 1827 1406 1869 manu

187 1907 329 1980 tractarit,
343 1924 438 1983 nequo
454 1914 520 1964 anto
537 1906 648 1965 Sirtum
666 1906 828 1966 Sonarusem
840 1906 992 1983 qnisquam
1010 1904 1167 1966 llolaraaum
1183 1923 1251 1964 oum
1265 1904 1407 1985 pradica-

184 2002 235 2060 rit.
253 2000 354 2061 Refert
370 2009 472 2061 eontra
488 2002 534 2063 W.
560 2000 703 2061 Rolorink
724 2003 867 2061 memoria
888 2001 1027 2061 traditum
1052 2020 1117 2062 esso
1133 2000 1298 2077 Nicolaum,
1316 2020 1408 2081 quum

184 2117 219 2158 ex
243 2097 415 2178 parentibus
436 2099 605 2159 christianis
628 2107 658 2157 at
678 2097 857 2178 pauperibus
878 2107 960 2158 ortus
981 2100 1030 2173 sit,
1052 2098 1166 2159 scholas
1186 2097 1408 2160 liebraeoruma

184 2197 311 2275 pueritia
332 2196 450 2270 adiisse,
472 2213 568 2274 neque
588 2194 708 2255 Lutlrori
728 2197 875 2255 sententia
896 2194 1047 2255 infitianda
1070 2201 1126 2271 ost,
1146 2197 1193 2255 orti
1209 2194 1341 2274 [tyranus
1355 2196 1408 2255 der

182 2294 263 2369 (alato
277 2292 369 2353 allona
387 2294 477 2367 Lpro,
494 2294 542 2351 oin
561 2300 647 2369 putor
665 2292 782 2352 donatist
802 2294 863 2351 aad
877 2298 978 2352 tranet·
994 2293 1093 2351 Clara‘at
1109 2290 1217 2351 dicitur
1229 2296 1249 2353 ¹.
1266 2290 1408 2353 Nostrum

187 2391 274 2449 otiam
298 2396 375 2448 taxat
396 2388 503 2449 Paulus
528 2390 699 2465 Burgensis‚
724 2391 787 2469 ipso
811 2391 840 2448 in
862 2389 1012 2467 judaismo
1035 2398 1132 2464 natus,
1156 2395 1189 2447 ut
1208 2390 1411 2468 quilnla'lero

185 2487 325 2546 laetaniae
340 2502 400 2545 noa
415 2484 505 2544 luerit
523 2486 702 2561 sarslieionlor
716 2487 861 2563 eraditus,
878 2488 964 2561 paaosi
974 2487 1231 2561 iltaaaapoo·itia
1240 2486 1392 2547 didicisset
1398 2508 1408 2559 ;

186 2584 236 2642 aad
251 2584 285 2642 de
300 2584 357 2642 itta
371 2584 485 2642 videtur
498 2584 635 2641 laberiano
650 2584 797 2655 notitiam,
816 2584 903 2659 qnasi
921 2584 956 2642 al
977 2583 1047 2643 aliia
1067 2583 1099 2642 ia
1112 2588 1195 2643 atala
1210 2585 1316 2645 adulto
1329 2601 1407 2644 men

186 2680 281 2739 dieoto
297 2681 439 2757 naastaapio
464 2681 640 2755 acquisitam
653 2683 675 2740 ².
699 2678 763 2758 lpse
784 2681 872 2739 etiam
888 2678 1021 2739 Matthias
1040 2677 1161 2756 Boinag,
1178 2679 1290 2740 Niaolai
1305 2680 1408 2740 delen-

186 2796 245 2851 sor,
267 2777 321 2837 lroo
345 2795 404 2836 non
429 2779 488 2854 agit
512 2783 542 2835 ut
567 2776 778 2856 postillatorem
806 2778 975 2853 ignorantia
1000 2785 1130 2852 excuset,
1156 2776 1207 2836 sed
1231 2777 1408 2858 simpliciter

188 2874 328 2952 replicat:
346 2873 405 2933 ilico
421 2874 583 2950 [turpansia
597 2875 695 2933 debant
713 2892 752 2933 oo
770 2892 803 2933 eo
826 2880 929 2933 reaturo
941 2874 1168 2950 postillatorem,
1186 2876 1236 2934 aad
1251 2875 1279 2934 oi
1291 2878 1408 2950 prutina

186 2992 282 3049 apere.
301 2971 429 3050 Lpranus
454 2990 522 3031 rero
543 2974 572 3031 iu
594 2971 713 3050 prologo
730 2971 860 3031 seruando
880 2973 914 3031 da
935 2972 1097 3030 intentione
1119 2973 1250 3031 auctoris
1270 2976 1299 3031 ot
1320 2974 1407 3032 enoda

183 3070 360 3146 proeoleadt
375 3068 548 3128 eorrlrtetur:
569 3070 645 3141 Qrata
664 3086 724 3127 aon
744 3086 809 3126 aram
829 3069 872 3127 ita
891 3070 1005 3144 peritus
1031 3069 1063 3127 ia
1078 3068 1183 3144 linqua
1201 3068 1341 3129 debraico
1363 3070 1408 3129 ael

187 3167 293 3233 latina,
308 3168 379 3241 patin
401 3167 433 3224 ln
453 3167 553 3224 arrralta'a
570 3167 681 3242 posaa'm
703 3167 834 3241 olefacere,
851 3172 880 3224 et
909 3168 938 3224 iu
960 3166 1089 3226 olausula
1106 3165 1174 3226 libri
1189 3166 1224 3226 da
1238 3168 1409 3243 diffareatio

186 3269 292 3322 nostra
306 3263 513 3321 translationis
528 3268 554 3320 at
569 3261 710 3321 laolraiar
726 3263 848 3321 littorar³
867 3264 903 3320 ita
922 3264 984 3342 ipse
1001 3263 1037 3323 do
1052 3282 1083 3323 so
1100 3263 1231 3342 loquitur
1250 3283 1256 3323 :

223 3433 332 3486 lassent
350 3438 439 3486 autem
459 3435 538 3499 aliqui
558 3434 666 3486 eredere
686 3433 755 3500 quod
775 3435 801 3484 iu
821 3434 870 3485 lroo
891 3447 972 3499 opere
992 3438 1018 3485 ot
1040 3436 1065 3485 iu
1085 3435 1201 3487 Postillis
1222 3447 1306 3501 super
1328 3436 1409 3489 [letus

188 3523 384 3575 Testarneutnm
403 3522 484 3574 nudta
504 3525 636 3586 posuerim
655 3524 688 3573 do
709 3523 832 3575 trelnaioo
854 3523 931 3574 alitor
954 3537 1034 3589 quam
1049 3526 1101 3575 siut
1118 3525 1144 3574 iu
1164 3526 1288 3589 laenitate,
1305 3538 1367 3577 oum
1382 3527 1408 3576 in

187 3610 236 3662 lino
256 3612 346 3675 lingua
361 3625 415 3662 non
430 3610 480 3662 sim
499 3609 610 3661 nrultum
630 3611 675 3661 sed
696 3612 828 3663 molinum
849 3613 1005 3669 instructus.
1023 3612 1130 3677 Propter
1144 3612 1215 3678 qnod
1233 3626 1327 3665 ornnes
1346 3612 1409 3667 uolo

189 3702 257 3753 sein}
270 3700 342 3766 quod
358 3702 384 3750 in
400 3701 477 3751 dialis
497 3699 622 3763 operiltus
639 3700 720 3751 uietril
735 3702 811 3765 posui
828 3701 860 3751 do
875 3700 1000 3752 helmoino
1015 3714 1048 3751 en
1064 3703 1151 3766 capite
1167 3703 1273 3767 proprio
1294 3704 1407 3767 tautum,

188 3790 234 3842 sed
249 3805 310 3841 atum
324 3790 469 3840 directione
485 3793 511 3840 et
526 3788 668 3839 aotlationo
684 3794 763 3855 atque
779 3789 891 3840 otrusilio
908 3791 1025 3841 rrirorum
1042 3788 1070 3840 iu
1085 3790 1209 3843 lroltraico
1225 3791 1407 3857 peritorum...

188 3879 326 3930 Saierutum
342 3881 421 3929 etiam
439 3878 510 3943 aprrod
528 3878 597 3941 apmt
619 3877 734 3927 uernat<
750 3879 831 3927 multa
852 3882 913 3928 sunt
929 3880 1033 3929 uomina
1051 3881 1211 3944 eqnirooa...
1231 3880 1285 3943 Ego
1300 3894 1366 3933 uero
1381 3882 1408 3934 in

187 3967 286 4019 talibus
305 3967 481 4016 aarrrunuuiter
499 3968 608 4016 seculus
629 3980 687 4015 siun
706 3963 767 4015 dorbi
788 3964 963 4017 Sartmnouarn.
986 3966 1064 4018 ouius
1085 3966 1204 4020 alarotriua
1224 3967 1294 4033 apud
1314 3968 1409 4023 ludeos

187 4057 327 4108 rrrrrderuos
343 4057 427 4118 inagis
441 4057 574 4107 autentiaa
588 4057 734 4118 reputatur.

226 4212 393 4292 Pneoeptor
408 4214 485 4272 enim
508 4212 610 4290 lq'rani
634 4212 695 4270 lere
713 4213 816 4269 urricus
839 4210 894 4269 luit
915 4209 1051 4271 Salomon
1074 4211 1231 4287 lsaaoides,
1249 4214 1297 4291 qui
1323 4212 1409 4274 nobis

187 4310 291 4371 llasolri
307 4311 423 4384 dieitur,
441 4312 584 4370 uroximus
600 4308 648 4368 ille.
665 4311 741 4367 inter
757 4326 860 4367 ornares
876 4309 923 4387 qui
944 4309 1041 4368 uredio
1057 4327 1117 4368 atro
1134 4309 1297 4369 duruerunt
1312 4308 1409 4372 Sacro

187 4489 283 4497 ——--
288 4489 399 4496 .-

225 4604 247 4652 1.
269 4603 321 4649 t'on.
335 4601 388 4651 den
403 4601 499 4649 [etstan
521 4602 621 4649 Warten
641 4600 751 4651 llaetda,
769 4601 806 4650 ed.
824 4599 919 4665 t1·t.,t.
939 4599 1059 4651 xxxva.
1076 4614 1099 4662 p.
1118 4600 1143 4650 l.

223 4677 246 4724 ¹2.
265 4671 418 4722 ⁴lalda'ltonas
432 4685 514 4734 anper
528 4673 670 4733 utrumque
679 4672 831 4734 proloquar.

223 4747 247 4795 3.
264 4744 332 4802 Quod
346 4744 409 4806 typis
424 4743 513 4806 prodiit
530 4742 682 4805 ltotlromagi.
700 4758 720 4793 s.
739 4756 761 4791 a.
