3172 5566
498 467 651 512 urrsrouc
674 466 806 513 anonam
830 469 986 514 nocrorus.
1036 526 1039 532 ¹
1220 498 1224 505 .
1314 450 1353 529 39

171 582 319 656 Quantum
344 589 444 643 autern
469 601 628 664 responsor
647 601 735 664 supra
754 586 969 661 interrogantes
994 584 1135 657 emineat,
1161 584 1255 664 prima
1278 584 1353 644 sacia

132 682 322 743 maniiestum
339 682 413 740 orit:

167 834 279 893 Oucritis
295 848 309 885 a
323 846 363 885 rue
378 835 469 886 utrum
488 832 602 885 uiderim
616 832 713 885 librum
729 834 776 900 qul
794 833 947 887 intitulatur
960 835 995 884 lte
1014 835 1164 886 centonibus
1183 835 1351 896 hebreorum,

131 923 159 974 iu
180 935 233 987 quo
252 922 415 974 certificatur
434 923 568 988 quantitas
587 922 660 972 auui.
682 921 859 987 llespoudeo:
880 921 968 973 liabeo
990 921 1072 974 libms
1092 921 1231 974 hebraicos
1251 923 1283 975 de
1303 923 1353 975 hac

131 1011 250 1074 materia,
266 1010 404 1075 potissime
418 1008 451 1061 de
467 1006 623 1074 primatioue
639 1009 702 1061 lune
713 1009 733 1073 ¹,
749 1022 801 1076 que
816 1011 921 1062 cercius
940 1009 1021 1075 louge
1040 1012 1189 1074 excogitata
1203 1015 1244 1063 est
1260 1012 1293 1063 ab
1307 1012 1353 1065 be-

131 1097 203 1150 brois
218 1097 261 1149 uel
273 1109 353 1164 quarn
368 1097 401 1149 ab
414 1097 540 1148 arabibus
555 1093 600 1149 uel
615 1111 630 1148 a
645 1097 745 1150 latinis.
759 1096 787 1148 lit
803 1096 974 1174 sciatisquod
989 1099 1062 1149 missi
1079 1102 1141 1150 suut
1152 1099 1232 1150 micbi
1246 1099 1353 1165 quidam

129 1185 191 1237 libri
210 1184 347 1237 bebraiclri
368 1184 401 1236 de
419 1183 571 1236 alemannia
591 1199 606 1236 a
626 1183 741 1250 quodam
759 1184 839 1237 iudeo
858 1183 1074 1248 ingeniosissimo
1095 1186 1140 1251 qui
1161 1199 1203 1236 me
1222 1190 1298 1239 nouit
1319 1200 1353 1239 ex

129 1270 200 1324 tama
213 1275 318 1324 tautum
333 1274 360 1324 et
374 1271 426 1324 iam
441 1271 601 1338 aliquotiens
622 1274 730 1337 scripsit
749 1272 827 1325 michi
842 1275 870 1325 in
885 1273 983 1325 hebreo
997 1275 1024 1325 et
1039 1285 1089 1338 ego
1108 1274 1168 1326 sibi.
1185 1275 1245 1328 illos
1265 1277 1352 1328 autem

128 1357 212 1411 libros
226 1361 374 1424 composuit
389 1360 518 1412 Abrabam
527 1360 547 1424 ²,
559 1365 586 1413 et
596 1364 638 1412 est
653 1362 678 1412 iu
696 1363 736 1414 eis
746 1361 808 1427 plus
819 1361 851 1413 do
862 1361 950 1413 littera
964 1375 1045 1428 quam
1059 1363 1087 1414 iu
1102 1362 1234 1415 Prisciauo
1248 1361 1351 1427 maiori,

128 1448 250 1513 exceptis
269 1445 366 1499 tabulis
386 1448 477 1500 multis
497 1462 550 1513 que
571 1448 621 1502 site
640 1454 704 1502 suut
722 1451 748 1501 iu
768 1449 883 1501 diuersis
903 1451 1022 1516 partibus
1041 1450 1112 1514 libri,
1129 1454 1198 1503 sicut
1216 1452 1288 1516 apud
1303 1464 1352 1503 uos

129 1534 252 1587 uidemus
268 1535 366 1588 iactum
381 1539 407 1588 iu
422 1537 563 1600 hlmagesti
578 1537 730 1590 l‘tholomei.
747 1537 776 1589 bt
791 1541 854 1589 suut
868 1537 907 1589 illi
922 1539 982 1590 libri
999 1541 1168 1592 astronomici
1183 1539 1352 1593 subtilissimi

129 1627 155 1675 et
169 1624 341 1690 pulcherrimi
357 1631 383 1678 ot
398 1625 519 1677 utiliores
530 1639 609 1692 quam
624 1625 690 1677 alias
706 1624 828 1684 uiderim.
840 1629 866 1678 et
883 1626 1001 1692 loquitur
1011 1627 1044 1678 de
1060 1627 1177 1679 theorica
1192 1629 1352 1680 astronomia

127 1712 205 1764 etde
223 1712 329 1765 iudiciis
351 1712 545 1779 astronomicis,
562 1718 588 1766 et
608 1718 671 1767 suut
690 1713 727 1766 ibi
742 1715 825 1767 multa
846 1716 985 1768 mirabilia.
1001 1717 1030 1768 Et
1050 1715 1094 1768 diu
1116 1716 1299 1768 laboraueram
1319 1717 1352 1768 ad

127 1802 280 1856 habendum
298 1805 399 1871 aliquid
418 1805 451 1857 de
475 1806 551 1857 libris
573 1804 638 1872 illis,
658 1808 721 1871 qnia
740 1818 789 1871 per
807 1807 858 1858 alia
879 1805 977 1872 scripta
998 1806 1137 1859 iudeorum
1159 1821 1287 1860 noueram
1305 1820 1352 1861 eos

128 1903 188 1943 esso
203 1890 298 1955 editos,
310 1897 337 1944 et
351 1892 453 1957 pluries
467 1894 628 1959 scripseram
643 1893 747 1945 cuidam
764 1894 843 1946 iudeo
857 1898 919 1947 noto
934 1907 994 1947 meo
1008 1892 1054 1961 qui
1068 1900 1185 1947 moratur
1199 1894 1226 1947 iu
1242 1894 1352 1948 ciuitate

127 1977 264 2032 tholetaua
283 1977 310 2030 iu
330 1979 464 2045 Hispania,
481 1985 510 2032 ut
529 1986 654 2046 quereret
674 1980 754 2032 micbi
775 1980 858 2034 libros
877 1981 948 2046 illos,
966 1986 992 2035 et
1007 1984 1059 2035 iam
1075 1985 1157 2035 semel
1178 1985 1352 2049 rescripserat

127 2065 198 2131 quod
212 2079 265 2118 nou
280 2067 488 2120 inueniebantur
502 2068 603 2121 Tboleti
619 2070 670 2120 nisi
689 2083 774 2135 pauca
794 2071 911 2135 capitula
925 2083 960 2122 ex
974 2072 1022 2122 eis.
1040 2070 1113 2122 llodo
1128 2071 1213 2123 habeo
1231 2084 1277 2123 eos
1292 2086 1352 2137 per-

125 2154 207 2217 lecta,
224 2153 385 2207 benedictus
404 2154 483 2220 beus,
501 2160 528 2208 et
547 2156 657 2208 intendo
676 2169 723 2208 eos
743 2155 888 2208 transferre
902 2172 965 2209 cum
979 2161 1084 2223 tempus
1099 2158 1228 2210 habuero.
1249 2159 1347 2212 Ualete.

127 2238 192 2307 troi.
209 2246 259 2295 aor
274 2239 326 2310 aa)

165 2379 354 2460 Superduum
371 2391 415 2442 est
431 2390 462 2442 ut
477 2383 716 2445 demonstremus
736 2385 889 2445 doctorem
915 2394 1049 2446 nostrum
1074 2386 1221 2448 hebraicae
1242 2387 1350 2466 liuguae

128 2486 296 2558 compotem
313 2479 415 2554 inisse,
433 2481 483 2541 sed
500 2481 664 2542 andiendus
680 2491 725 2542 est
740 2482 819 2542 idem
834 2483 871 2543 de
887 2483 1051 2544 chaldaico:

159 2623 212 2676 lol.
237 2627 439 2678 2l8v021sn.
460 2634 491 2678 κ’
511 2622 567 2693 (11(
589 2629 759 2679 interseritur
781 2627 888 2695 qnidam
909 2629 1062 2682 uersiculos
1085 2630 1195 2683 oaldaici
1218 2630 1350 2682 idiomatis

126 2713 206 2764 cuius
220 2725 318 2766 nomen
332 2713 474 2781 aliquando
489 2714 544 2767 dini
559 2716 637 2769 uobis
652 2717 800 2768 secuudum
816 2717 928 2781 glosam.
945 2718 1034 2769 Sermo
1049 2721 1138 2771 autem
1153 2719 1208 2781 ille,
1226 2720 1348 2786 quamuis

125 2801 160 2852 sit
180 2801 326 2869 callaicus,
347 2805 463 2869 scriptus
483 2808 572 2856 tamen
591 2808 631 2857 ost
653 2805 749 2857 litteris
771 2805 914 2869 hebraicis,
934 2806 1004 2856 sicut
1028 2808 1050 2857 si
1073 2807 1218 2859 scriberem
1238 2820 1348 2872 grecum

123 2888 223 2941 litteris
243 2889 333 2941 latinis
352 2895 381 2942 ut
398 2896 527 2955 antropos
547 2898 642 2944 nectere
664 2890 734 2960 (tege
754 2889 853 2959 trecht)
872 2894 899 2944 id
919 2896 961 2945 est
979 2893 1058 2945 homo
1078 2897 1171 2947 currit.
1194 2896 1239 2946 llla
1258 2898 1347 2949 autem

123 2977 209 3029 uerba
220 2979 337 3031 caldaica
353 2992 405 3031 uon
420 2984 534 3045 possunt
549 2979 628 3046 plene
642 2979 723 3033 scribi
738 2981 834 3035 litteris
848 2980 949 3045 latinis,
960 2983 1022 3048 quia
1035 2995 1088 3034 uou
1103 2982 1231 3034 babemus
1247 2984 1279 3035 ad
1294 2985 1348 3035 slu-

122 3064 200 3128 gulas
221 3065 323 3118 litteras
344 3065 482 3119 hebraicas
502 3068 743 3133 correspondentes
759 3069 785 3118 iu
801 3067 894 3131 latino,
911 3082 972 3121 cum
992 3068 1140 3122 secuudum
1160 3071 1232 3138 quod
1250 3070 1347 3124 melius

123 3153 206 3206 scribi
224 3157 339 3218 possunt
358 3155 512 3206 scribantur
530 3155 592 3208 sic:
613 3157 662 3220 qni
684 3170 751 3207 :erm
772 3159 897 3206 teniornn
916 3157 1004 3207 lettorn
1024 3158 1136 3210 elaboio
1157 3155 1347 3226 dissonantia

123 3255 261 3307 neareqno
277 3243 305 3293 te
319 3255 407 3293 anczn
424 3242 523 3294 ianczn
543 3258 670 3295 naenrcao
692 3244 769 3295 amin
789 3245 862 3294 teboc
881 3245 985 3296 sonnacio
1004 3246 1073 3298 ete³.
1088 3247 1140 3299 lloc
1159 3250 1201 3299 est
1224 3247 1345 3300 dictum:

121 3329 163 3380 sic
177 3328 273 3380 dicetis
293 3330 342 3392 eis,
359 3330 402 3381 bii
415 3331 465 3396 qni
485 3333 574 3383 celnrn
593 3339 620 3383 et
638 3337 743 3384 terram
764 3348 817 3383 non
830 3331 962 3396 jecerunt
976 3338 1093 3397 percont
1111 3336 1144 3385 de
1163 3339 1239 3386 terro
1258 3339 1284 3385 et
1296 3337 1346 3387 snb

121 3419 189 3469 cetis
203 3418 276 3472 istis.
295 3418 320 3471 Si
336 3422 424 3470 autem
443 3420 525 3470 uerba
541 3420 659 3485 predicta
674 3423 773 3486 scripta
787 3426 879 3475 esseut
894 3421 1027 3482 hebraice,
1044 3424 1082 3474 sic
1097 3426 1207 3489 possent
1222 3423 1302 3475 scribi
1317 3425 1345 3474 iu

121 3504 213 3570 launo,
230 3504 344 3572 qualiter
363 3521 413 3570 qne
431 3520 501 3570 quen
521 3511 626 3557 torrrern
647 3507 736 3558 iubent
752 3504 823 3572 (lege
843 3507 943 3576 lobene)
960 3510 1065 3572 elohyrn
1079 3524 1153 3561 esser
1170 3511 1345 3574 bussornoyrn

120 3594 270 3645 reclinares
285 3596 311 3644 lo
325 3608 391 3645 osan
406 3595 505 3645 ionean
520 3596 578 3645 nain
593 3596 692 3646 labores
704 3596 783 3647 briain
797 3598 874 3647 tabat
887 3599 1047 3650 hossomoin
1062 3600 1102 3648 ele
1112 3600 1155 3651 ⁴...

161 3731 231 3792 llaec
247 3740 344 3792 autem
360 3733 400 3792 illi
418 3741 487 3793 suut
503 3734 623 3792 nomina
639 3733 804 3794 litterarum
821 3735 1036 3797 hebraicarum.
1054 3736 1194 3799 Ordinem
1212 3746 1343 3798 tantum·

121 3830 208 3889 modo
225 3831 388 3891 instaurare
412 3829 513 3905 debui,
531 3847 619 3908 quem
639 3831 806 3910 depravavit
830 3832 936 3909 scriba,
963 3836 1080 3894 nescius
1103 3837 1193 3895 moris
1214 3835 1342 3896 hebraici

120 3928 279 4006 incipiendi
296 3927 427 3987 adonira
443 3935 525 4007 parto
542 3927 627 3987 lineae
643 3927 707 4004 (iol.
724 3926 782 3988 alb
798 3931 859 4006 v⁰):

159 4140 303 4194 thihellus
325 4144 354 4193 de
375 4144 502 4194 uorilnnlo
524 4159 538 4195 a
559 4148 645 4196 nostro
669 4147 784 4197 laridatus
806 4147 978 4199 videturesse
1000 4148 1139 4199 thdrtscb
1161 4151 1197 4199 ba
1216 4149 1338 4209 bodescb,

119 4226 174 4277 quae
188 4227 246 4277 pars
264 4216 302 4264 est
320 4215 457 4275 grandioris
475 4213 625 4266 llaimonidae
641 4218 733 4280 operis,
752 4218 869 4267 Miscbne
888 4222 947 4267 toro
961 4220 1013 4269 siro
1027 4220 1081 4269 lod
1095 4221 1209 4280 lroaobn,
1226 4226 1251 4271 et
1265 4221 1340 4272 latine

118 4285 157 4335 bis
171 4297 242 4334 versa
258 4288 294 4335 est
312 4281 360 4349 (θε
374 4288 570 4334 cornecrctione
584 4288 725 4344 anarrinon,
743 4290 781 4339 ed.
794 4286 817 4337 L.
832 4288 857 4339 C.
871 4286 903 4340 de
918 4289 979 4353 lleil,
998 4289 1106 4356 l'arisiis,
1125 4295 1207 4354 ibba,
1223 4294 1338 4343 iteratum

119 4356 144 4406 iu
159 4354 261 4418 Ugoliuii
276 4354 409 4417 Thesauro,
426 4358 443 4407 t.
461 4354 541 4406 xiiii.
558 4358 692 4405 ivooitnnr'i
707 4361 833 4417 tentilatio,
851 4361 889 4409 ed.
906 4358 932 4410 b.
946 4360 1043 4428 Witter,
1059 4360 1132 4426 lenae,
1151 4360 1238 4427 1703).

154 4426 178 4476 t.
196 4425 296 4477 Videtur
310 4426 350 4476 illo
366 4424 486 4477 Abrabam
501 4427 545 4475 bar
560 4425 642 4489 llayya
663 4428 751 4492 luisse,
773 4431 815 4491 qui
837 4430 954 4481 rabbinus
976 4432 1096 4495 hispanus
1118 4433 1258 4484 Barciuouae
1273 4447 1338 4484 auno

122 4494 187 4547 lios
201 4497 316 4548 decessit.
333 4495 410 4547 Cuius
424 4501 505 4548 exstat
519 4496 598 4559 sefer
617 4498 742 4547 bct-ibbnr
763 4500 815 4549 siro
839 4503 960 4552 tractatus
979 4503 1009 4552 de
1030 4503 1217 4556 intercalatione
1233 4501 1338 4565 (seilicet

118 4567 209 4618 mensis
233 4566 380 4630 tredecimi),
400 4569 442 4630 qui
461 4567 557 4617 tabulas
576 4570 755 4620 astronomicas
775 4572 946 4632 complectitur
956 4575 981 4621 et
1001 4574 1043 4623 ubi
1062 4575 1092 4625 de
1108 4577 1175 4625 omui
1197 4575 1338 4654 calendario

118 4637 233 4689 hebraico
247 4639 336 4700 agitur.
354 4636 387 4687 llo
402 4640 444 4687 illo
459 4638 576 4699 legendus
591 4638 623 4689 ls.
641 4638 697 4689 Lmb
711 4642 735 4690 iu
752 4642 788 4689 bn
803 4641 905 4702 araride
919 4643 1117 4707 Encnctopedr'e,
1135 4651 1153 4698 t.
1172 4645 1189 4696 l.

155 4712 178 4759 3.
196 4707 305 4760 lornant
321 4710 396 4771 ipsam
410 4709 592 4759 chaldaicorum
609 4711 785 4763 vocabulorum
799 4725 895 4774 quaeras
910 4713 934 4764 iu
949 4713 1030 4765 bibliis
1044 4715 1174 4769 hebraicis.

155 4780 179 4829 l.
197 4779 232 4830 ci.
253 4783 322 4841 (rpus
339 4782 436 4832 tartaris.
454 4781 492 4830 ed.
509 4779 578 4848 lebb,
591 4795 612 4843 p.
632 4782 673 4831 lb.
