<?xml version="1.0" encoding="UTF-8"?>
<!DOCTYPE html PUBLIC "-//W3C//DTD XHTML 1.0 Transitional//EN"
    "http://www.w3.org/TR/xhtml1/DTD/xhtml1-transitional.dtd">
<html xmlns="http://www.w3.org/1999/xhtml" xml:lang="en" lang="en">
 <head>
  <title>
</title>
<meta http-equiv="Content-Type" content="text/html;charset=utf-8" />
  <meta name='ocr-system' content='tesseract 3.04.00' />
  <meta name='ocr-capabilities' content='ocr_page ocr_carea ocr_par ocr_line ocrx_word'/>
</head>
<body>
  <div class='ocr_page' id='page_1' title='image "./quamnotitiamlin00berggoog_0019.png"; bbox 0 0 3180 5580; ppageno 0'>
   <div class='ocr_carea' id='block_1_1' title="bbox 187 411 950 475">
    <p class='ocr_par' dir='ltr' id='par_1_1' title="bbox 187 411 950 475">
     <span class='ocr_line' id='line_1_1' title="bbox 187 411 950 475; baseline 0 -2"><span class='ocrx_word' id='word_1_1' title='bbox 187 411 206 473; x_wconf 72' lang='lat' dir='ltr'><strong>t</strong></span> <span class='ocrx_word' id='word_1_2' title='bbox 645 428 800 474; x_wconf 78' lang='lat' dir='ltr'><strong>nuluecrl</strong></span> <span class='ocrx_word' id='word_1_3' title='bbox 822 429 950 475; x_wconf 75' lang='lat' dir='ltr'><strong>verena.</strong></span> 
     </span>
    </p>
   </div>
   <div class='ocr_carea' id='block_1_2' title="bbox 182 544 1406 2765">
    <p class='ocr_par' dir='ltr' id='par_1_2' title="bbox 182 544 1406 2765">
     <span class='ocr_line' id='line_1_2' title="bbox 226 544 1406 626; baseline -0.003 -19"><span class='ocrx_word' id='word_1_4' title='bbox 226 547 320 620; x_wconf 84' lang='lat' dir='ltr'>Quem</span> <span class='ocrx_word' id='word_1_5' title='bbox 336 547 523 626; x_wconf 84' lang='lat' dir='ltr'><strong>scriptorem,</strong></span> <span class='ocrx_word' id='word_1_6' title='bbox 538 544 574 606; x_wconf 90' lang='lat' dir='ltr'><strong>ab</strong></span> <span class='ocrx_word' id='word_1_7' title='bbox 592 544 768 625; x_wconf 79' lang='lat' dir='ltr'>Hieronymo</span> <span class='ocrx_word' id='word_1_8' title='bbox 785 545 922 607; x_wconf 91' lang='lat' dir='ltr'><strong>omuibus</strong></span> <span class='ocrx_word' id='word_1_9' title='bbox 941 547 1019 606; x_wconf 92' lang='lat' dir='ltr'><strong>notis</strong></span> <span class='ocrx_word' id='word_1_10' title='bbox 1034 544 1220 620; x_wconf 81' lang='lat' dir='ltr'><strong>dissimilem,</strong></span> <span class='ocrx_word' id='word_1_11' title='bbox 1237 544 1406 605; x_wconf 90' lang='lat' dir='ltr'><strong>durioribus</strong></span> 
     </span>
     <span class='ocr_line' id='line_1_3' title="bbox 186 640 1405 715; baseline -0.003 -11"><span class='ocrx_word' id='word_1_12' title='bbox 186 643 282 705; x_wconf 81' lang='lat' dir='ltr'><strong>verbis</strong></span> <span class='ocrx_word' id='word_1_13' title='bbox 297 651 377 704; x_wconf 84' lang='lat' dir='ltr'><strong>taxat</strong></span> <span class='ocrx_word' id='word_1_14' title='bbox 396 642 592 704; x_wconf 84' lang='lat' dir='ltr'><strong>Martianaeus.</strong></span> <span class='ocrx_word' id='word_1_15' title='bbox 609 642 668 704; x_wconf 89' lang='lat' dir='ltr'><strong>Nos</strong></span> <span class='ocrx_word' id='word_1_16' title='bbox 683 661 752 703; x_wconf 84' lang='lat' dir='ltr'><strong>uero</strong></span> <span class='ocrx_word' id='word_1_17' title='bbox 768 643 798 702; x_wconf 92' lang='lat' dir='ltr'><strong>in</strong></span> <span class='ocrx_word' id='word_1_18' title='bbox 814 645 991 703; x_wconf 89' lang='lat' dir='ltr'><strong>contrariam</strong></span> <span class='ocrx_word' id='word_1_19' title='bbox 1007 643 1185 704; x_wconf 90' lang='lat' dir='ltr'><strong>sententiam</strong></span> <span class='ocrx_word' id='word_1_20' title='bbox 1201 640 1320 715; x_wconf 81' lang='lat' dir='ltr'><strong>ibimus,</strong></span> <span class='ocrx_word' id='word_1_21' title='bbox 1337 659 1405 702; x_wconf 92' lang='lat' dir='ltr'><strong>cum</strong></span> 
     </span>
     <span class='ocr_line' id='line_1_4' title="bbox 186 737 1405 825; baseline -0.002 -25"><span class='ocrx_word' id='word_1_22' title='bbox 186 760 244 825; x_wconf 87' lang='lat' dir='ltr'><strong>non</strong></span> <span class='ocrx_word' id='word_1_23' title='bbox 260 741 334 801; x_wconf 88' lang='lat' dir='ltr'><strong>alter</strong></span> <span class='ocrx_word' id='word_1_24' title='bbox 348 742 387 802; x_wconf 90' lang='lat' dir='ltr'><strong>sit</strong></span> <span class='ocrx_word' id='word_1_25' title='bbox 408 741 486 800; x_wconf 89' lang='lat' dir='ltr'><strong>inter</strong></span> <span class='ocrx_word' id='word_1_26' title='bbox 508 739 682 800; x_wconf 89' lang='lat' dir='ltr'><strong>christianos</strong></span> <span class='ocrx_word' id='word_1_27' title='bbox 706 741 812 819; x_wconf 90' lang='lat' dir='ltr'><strong>prioris</strong></span> <span class='ocrx_word' id='word_1_28' title='bbox 832 741 885 800; x_wconf 83' lang='lat' dir='ltr'><strong>aevi</strong></span> <span class='ocrx_word' id='word_1_29' title='bbox 901 759 935 799; x_wconf 87' lang='lat' dir='ltr'><strong>cx</strong></span> <span class='ocrx_word' id='word_1_30' title='bbox 956 758 1014 818; x_wconf 86' lang='lat' dir='ltr'><strong>quo</strong></span> <span class='ocrx_word' id='word_1_31' title='bbox 1034 746 1093 798; x_wconf 92' lang='lat' dir='ltr'><strong>tam</strong></span> <span class='ocrx_word' id='word_1_32' title='bbox 1109 739 1216 799; x_wconf 90' lang='lat' dir='ltr'><strong>multas</strong></span> <span class='ocrx_word' id='word_1_33' title='bbox 1231 737 1405 798; x_wconf 82' lang='lat' dir='ltr'><strong>traditiones</strong></span> 
     </span>
     <span class='ocr_line' id='line_1_5' title="bbox 186 836 1404 915; baseline -0.004 -16"><span class='ocrx_word' id='word_1_34' title='bbox 186 837 378 899; x_wconf 70' lang='lat' dir='ltr'><strong>Hebraeorum</strong></span> <span class='ocrx_word' id='word_1_35' title='bbox 402 836 583 897; x_wconf 89' lang='lat' dir='ltr'><strong>hauriamus.</strong></span> <span class='ocrx_word' id='word_1_36' title='bbox 608 836 663 908; x_wconf 82' lang='lat' dir='ltr'><strong>Qui</strong></span> <span class='ocrx_word' id='word_1_37' title='bbox 689 855 758 897; x_wconf 81' lang='lat' dir='ltr'><strong>uere</strong></span> <span class='ocrx_word' id='word_1_38' title='bbox 782 836 839 897; x_wconf 88' lang='lat' dir='ltr'><strong>luit</strong></span> <span class='ocrx_word' id='word_1_39' title='bbox 853 836 1006 911; x_wconf 74' lang='lat' dir='ltr'><strong>Hebraeus,</strong></span> <span class='ocrx_word' id='word_1_40' title='bbox 1024 839 1054 897; x_wconf 95' lang='lat' dir='ltr'><strong>in</strong></span> <span class='ocrx_word' id='word_1_41' title='bbox 1076 837 1216 898; x_wconf 90' lang='lat' dir='ltr'><strong>Talmude</strong></span> <span class='ocrx_word' id='word_1_42' title='bbox 1240 856 1255 898; x_wconf 93' lang='lat' dir='ltr'><strong>a</strong></span> <span class='ocrx_word' id='word_1_43' title='bbox 1280 838 1404 915; x_wconf 89' lang='lat' dir='ltr'><strong>pueritia</strong></span> 
     </span>
     <span class='ocr_line' id='line_1_6' title="bbox 186 921 1404 1015; baseline -0.002 -20"><span class='ocrx_word' id='word_1_44' title='bbox 186 935 318 1011; x_wconf 86' lang='lat' dir='ltr'><strong>edoctus,</strong></span> <span class='ocrx_word' id='word_1_45' title='bbox 335 934 386 995; x_wconf 91' lang='lat' dir='ltr'><strong>sed</strong></span> <span class='ocrx_word' id='word_1_46' title='bbox 402 935 452 1013; x_wconf 93' lang='lat' dir='ltr'><strong>qui</strong></span> <span class='ocrx_word' id='word_1_47' title='bbox 467 933 656 995; x_wconf 82' lang='lat' dir='ltr'><strong>christianam</strong></span> <span class='ocrx_word' id='word_1_48' title='bbox 672 933 759 994; x_wconf 86' lang='lat' dir='ltr'><strong>fidem</strong></span> <span class='ocrx_word' id='word_1_49' title='bbox 775 936 993 1015; x_wconf 88' lang='lat' dir='ltr'><strong>assumpsisset,</strong></span> <span class='ocrx_word' id='word_1_50' title='bbox 1010 953 1077 994; x_wconf 91' lang='lat' dir='ltr'><strong>cum</strong></span> <span class='ocrx_word' id='word_1_51' title='bbox 1093 921 1152 995; x_wconf 85' lang='lat' dir='ltr'><strong>non</strong></span> <span class='ocrx_word' id='word_1_52' title='bbox 1171 942 1282 994; x_wconf 91' lang='lat' dir='ltr'><strong>tantum</strong></span> <span class='ocrx_word' id='word_1_53' title='bbox 1303 943 1404 1014; x_wconf 85' lang='lat' dir='ltr'><strong>aparte</strong></span> 
     </span>
     <span class='ocr_line' id='line_1_7' title="bbox 186 1015 1405 1111; baseline -0.003 -17"><span class='ocrx_word' id='word_1_54' title='bbox 186 1015 334 1094; x_wconf 84' lang='lat' dir='ltr'><strong>Christum</strong></span> <span class='ocrx_word' id='word_1_55' title='bbox 351 1031 509 1092; x_wconf 88' lang='lat' dir='ltr'><strong>Dominum</strong></span> <span class='ocrx_word' id='word_1_56' title='bbox 526 1031 710 1111; x_wconf 86' lang='lat' dir='ltr'><strong>profiteatur,</strong></span> <span class='ocrx_word' id='word_1_57' title='bbox 722 1029 773 1091; x_wconf 88' lang='lat' dir='ltr'><strong>sed</strong></span> <span class='ocrx_word' id='word_1_58' title='bbox 792 1049 826 1090; x_wconf 92' lang='lat' dir='ltr'><strong>eo</strong></span> <span class='ocrx_word' id='word_1_59' title='bbox 843 1050 936 1110; x_wconf 88' lang='lat' dir='ltr'><strong>usque</strong></span> <span class='ocrx_word' id='word_1_60' title='bbox 953 1033 1098 1108; x_wconf 77' lang='lat' dir='ltr'><strong>originum</strong></span> <span class='ocrx_word' id='word_1_61' title='bbox 1115 1049 1234 1091; x_wconf 91' lang='lat' dir='ltr'><strong>suarum</strong></span> <span class='ocrx_word' id='word_1_62' title='bbox 1252 1029 1405 1090; x_wconf 89' lang='lat' dir='ltr'><strong>oblivisca-</strong></span> 
     </span>
     <span class='ocr_line' id='line_1_8' title="bbox 186 1122 1405 1208; baseline -0.002 -19"><span class='ocrx_word' id='word_1_63' title='bbox 186 1138 243 1202; x_wconf 90' lang='lat' dir='ltr'><strong>tur,</strong></span> <span class='ocrx_word' id='word_1_64' title='bbox 261 1136 292 1189; x_wconf 92' lang='lat' dir='ltr'><strong>ut</strong></span> <span class='ocrx_word' id='word_1_65' title='bbox 307 1127 458 1202; x_wconf 83' lang='lat' dir='ltr'><strong>Hebraeos,</strong></span> <span class='ocrx_word' id='word_1_66' title='bbox 477 1122 511 1188; x_wconf 79' lang='lat' dir='ltr'><strong>ex</strong></span> <span class='ocrx_word' id='word_1_67' title='bbox 527 1127 632 1207; x_wconf 90' lang='lat' dir='ltr'><strong>quibus</strong></span> <span class='ocrx_word' id='word_1_68' title='bbox 648 1134 729 1188; x_wconf 89' lang='lat' dir='ltr'><strong>ortus</strong></span> <span class='ocrx_word' id='word_1_69' title='bbox 752 1135 826 1204; x_wconf 90' lang='lat' dir='ltr'><strong>erat,</strong></span> <span class='ocrx_word' id='word_1_70' title='bbox 852 1147 866 1185; x_wconf 80' lang='lat' dir='ltr'><strong>o</strong></span> <span class='ocrx_word' id='word_1_71' title='bbox 887 1136 1005 1206; x_wconf 88' lang='lat' dir='ltr'><strong>gentem</strong></span> <span class='ocrx_word' id='word_1_72' title='bbox 1022 1128 1100 1188; x_wconf 92' lang='lat' dir='ltr'><strong>illam</strong></span> <span class='ocrx_word' id='word_1_73' title='bbox 1119 1149 1134 1187; x_wconf 75' lang='lat' dir='ltr'><strong>a</strong></span> <span class='ocrx_word' id='word_1_74' title='bbox 1151 1136 1310 1208; x_wconf 91' lang='lat' dir='ltr'><strong>nuncupet.</strong></span> <span class='ocrx_word' id='word_1_75' title='bbox 1328 1127 1405 1188; x_wconf 77' lang='lat' dir='ltr'><strong>Pire-</strong></span> 
     </span>
     <span class='ocr_line' id='line_1_9' title="bbox 186 1223 1402 1306; baseline -0.002 -21"><span class='ocrx_word' id='word_1_76' title='bbox 186 1234 277 1302; x_wconf 78' lang='lat' dir='ltr'><strong>terea,</strong></span> <span class='ocrx_word' id='word_1_77' title='bbox 304 1243 371 1285; x_wconf 92' lang='lat' dir='ltr'><strong>cum</strong></span> <span class='ocrx_word' id='word_1_78' title='bbox 396 1243 470 1305; x_wconf 91' lang='lat' dir='ltr'><strong>opus</strong></span> <span class='ocrx_word' id='word_1_79' title='bbox 495 1224 559 1303; x_wconf 88' lang='lat' dir='ltr'><strong>ojus</strong></span> <span class='ocrx_word' id='word_1_80' title='bbox 583 1225 656 1285; x_wconf 94' lang='lat' dir='ltr'><strong>nihil</strong></span> <span class='ocrx_word' id='word_1_81' title='bbox 680 1227 795 1285; x_wconf 90' lang='lat' dir='ltr'><strong>sitnisi</strong></span> <span class='ocrx_word' id='word_1_82' title='bbox 821 1234 961 1306; x_wconf 87' lang='lat' dir='ltr'><strong>perpetua</strong></span> <span class='ocrx_word' id='word_1_83' title='bbox 989 1225 1224 1304; x_wconf 79' lang='lat' dir='ltr'><strong>Hieronymianae</strong></span> <span class='ocrx_word' id='word_1_84' title='bbox 1249 1223 1402 1286; x_wconf 78' lang='lat' dir='ltr'><strong>Sacrorum</strong></span> 
     </span>
     <span class='ocr_line' id='line_1_10' title="bbox 184 1320 1405 1402; baseline -0.002 -19"><span class='ocrx_word' id='word_1_85' title='bbox 184 1322 401 1402; x_wconf 89' lang='lat' dir='ltr'><strong>Scripturarum</strong></span> <span class='ocrx_word' id='word_1_86' title='bbox 418 1322 561 1382; x_wconf 82' lang='lat' dir='ltr'><strong>versionis</strong></span> <span class='ocrx_word' id='word_1_87' title='bbox 578 1323 737 1396; x_wconf 87' lang='lat' dir='ltr'><strong>enarratio,</strong></span> <span class='ocrx_word' id='word_1_88' title='bbox 753 1341 812 1382; x_wconf 93' lang='lat' dir='ltr'><strong>non</strong></span> <span class='ocrx_word' id='word_1_89' title='bbox 829 1331 873 1382; x_wconf 91' lang='lat' dir='ltr'><strong>est</strong></span> <span class='ocrx_word' id='word_1_90' title='bbox 888 1331 920 1382; x_wconf 92' lang='lat' dir='ltr'><strong>ut</strong></span> <span class='ocrx_word' id='word_1_91' title='bbox 934 1320 1103 1383; x_wconf 92' lang='lat' dir='ltr'><strong>dubitemus</strong></span> <span class='ocrx_word' id='word_1_92' title='bbox 1118 1324 1188 1401; x_wconf 93' lang='lat' dir='ltr'><strong>quin</strong></span> <span class='ocrx_word' id='word_1_93' title='bbox 1205 1322 1254 1381; x_wconf 92' lang='lat' dir='ltr'><strong>ille</strong></span> <span class='ocrx_word' id='word_1_94' title='bbox 1271 1322 1405 1381; x_wconf 91' lang='lat' dir='ltr'><strong>christia·</strong></span> 
     </span>
     <span class='ocr_line' id='line_1_11' title="bbox 183 1418 1403 1501; baseline -0.003 -19"><span class='ocrx_word' id='word_1_95' title='bbox 183 1440 238 1482; x_wconf 90' lang='lat' dir='ltr'><strong>nus</strong></span> <span class='ocrx_word' id='word_1_96' title='bbox 253 1421 288 1482; x_wconf 93' lang='lat' dir='ltr'><strong>ad</strong></span> <span class='ocrx_word' id='word_1_97' title='bbox 306 1420 471 1481; x_wconf 89' lang='lat' dir='ltr'><strong>edocendos</strong></span> <span class='ocrx_word' id='word_1_98' title='bbox 485 1420 660 1482; x_wconf 90' lang='lat' dir='ltr'><strong>christianos</strong></span> <span class='ocrx_word' id='word_1_99' title='bbox 675 1423 837 1501; x_wconf 90' lang='lat' dir='ltr'><strong>scripserit.</strong></span> <span class='ocrx_word' id='word_1_100' title='bbox 856 1419 913 1483; x_wconf 88' lang='lat' dir='ltr'><strong>Sed</strong></span> <span class='ocrx_word' id='word_1_101' title='bbox 928 1420 977 1481; x_wconf 93' lang='lat' dir='ltr'><strong>ubi</strong></span> <span class='ocrx_word' id='word_1_102' title='bbox 994 1423 1115 1501; x_wconf 90' lang='lat' dir='ltr'><strong>propius</strong></span> <span class='ocrx_word' id='word_1_103' title='bbox 1130 1420 1164 1481; x_wconf 86' lang='lat' dir='ltr'><strong>ad</strong></span> <span class='ocrx_word' id='word_1_104' title='bbox 1181 1419 1277 1501; x_wconf 90' lang='lat' dir='ltr'><strong>ipsum</strong></span> <span class='ocrx_word' id='word_1_105' title='bbox 1294 1418 1403 1479; x_wconf 88' lang='lat' dir='ltr'><strong>librum</strong></span> 
     </span>
     <span class='ocr_line' id='line_1_12' title="bbox 184 1517 1404 1600; baseline -0.003 -21"><span class='ocrx_word' id='word_1_106' title='bbox 184 1520 356 1593; x_wconf 86' lang='lat' dir='ltr'><strong>accesseris,</strong></span> <span class='ocrx_word' id='word_1_107' title='bbox 383 1521 456 1578; x_wconf 90' lang='lat' dir='ltr'><strong>mira</strong></span> <span class='ocrx_word' id='word_1_108' title='bbox 480 1518 533 1578; x_wconf 92' lang='lat' dir='ltr'><strong>tibi</strong></span> <span class='ocrx_word' id='word_1_109' title='bbox 556 1517 707 1600; x_wconf 85' lang='lat' dir='ltr'><strong>apparebit</strong></span> <span class='ocrx_word' id='word_1_110' title='bbox 729 1518 888 1580; x_wconf 83' lang='lat' dir='ltr'><strong>rabbinicae</strong></span> <span class='ocrx_word' id='word_1_111' title='bbox 911 1518 1075 1580; x_wconf 88' lang='lat' dir='ltr'><strong>traditionis</strong></span> <span class='ocrx_word' id='word_1_112' title='bbox 1094 1520 1210 1579; x_wconf 87' lang='lat' dir='ltr'><strong>notitia.</strong></span> <span class='ocrx_word' id='word_1_113' title='bbox 1227 1517 1404 1578; x_wconf 87' lang='lat' dir='ltr'><strong>Translatio-</strong></span> 
     </span>
     <span class='ocr_line' id='line_1_13' title="bbox 183 1614 1400 1696; baseline -0.002 -19"><span class='ocrx_word' id='word_1_114' title='bbox 183 1635 252 1677; x_wconf 90' lang='lat' dir='ltr'><strong>nem</strong></span> <span class='ocrx_word' id='word_1_115' title='bbox 267 1635 373 1676; x_wconf 84' lang='lat' dir='ltr'><strong>noram</strong></span> <span class='ocrx_word' id='word_1_116' title='bbox 389 1635 492 1676; x_wconf 88' lang='lat' dir='ltr'><strong>eorum</strong></span> <span class='ocrx_word' id='word_1_117' title='bbox 507 1635 581 1695; x_wconf 89' lang='lat' dir='ltr'><strong>quos</strong></span> <span class='ocrx_word' id='word_1_118' title='bbox 596 1619 764 1677; x_wconf 82' lang='lat' dir='ltr'><strong>retractavit</strong></span> <span class='ocrx_word' id='word_1_119' title='bbox 778 1618 909 1678; x_wconf 91' lang='lat' dir='ltr'><strong>locorum</strong></span> <span class='ocrx_word' id='word_1_120' title='bbox 927 1619 1072 1696; x_wconf 89' lang='lat' dir='ltr'><strong>interpres</strong></span> <span class='ocrx_word' id='word_1_121' title='bbox 1087 1623 1189 1677; x_wconf 88' lang='lat' dir='ltr'><strong>noster</strong></span> <span class='ocrx_word' id='word_1_122' title='bbox 1204 1634 1238 1677; x_wconf 81' lang='lat' dir='ltr'><strong>en</strong></span> <span class='ocrx_word' id='word_1_123' title='bbox 1252 1614 1400 1689; x_wconf 90' lang='lat' dir='ltr'><strong>hebraica,</strong></span> 
     </span>
     <span class='ocr_line' id='line_1_14' title="bbox 184 1711 1401 1795; baseline -0.004 -21"><span class='ocrx_word' id='word_1_124' title='bbox 184 1723 216 1774; x_wconf 90' lang='lat' dir='ltr'><strong>ut</strong></span> <span class='ocrx_word' id='word_1_125' title='bbox 241 1716 333 1789; x_wconf 90' lang='lat' dir='ltr'><strong>aiunt,</strong></span> <span class='ocrx_word' id='word_1_126' title='bbox 360 1716 482 1775; x_wconf 85' lang='lat' dir='ltr'><strong>veritate</strong></span> <span class='ocrx_word' id='word_1_127' title='bbox 507 1716 683 1788; x_wconf 82' lang='lat' dir='ltr'><strong>contexuit3</strong></span> <span class='ocrx_word' id='word_1_128' title='bbox 710 1716 984 1795; x_wconf 90' lang='lat' dir='ltr'><strong>interpretationem</strong></span> <span class='ocrx_word' id='word_1_129' title='bbox 1011 1732 1063 1774; x_wconf 89' lang='lat' dir='ltr'><strong>seu</strong></span> <span class='ocrx_word' id='word_1_130' title='bbox 1084 1715 1181 1793; x_wconf 92' lang='lat' dir='ltr'><strong>potius</strong></span> <span class='ocrx_word' id='word_1_131' title='bbox 1197 1711 1401 1792; x_wconf 83' lang='lat' dir='ltr'><strong>etymologiam</strong></span> 
     </span>
     <span class='ocr_line' id='line_1_15' title="bbox 182 1810 1402 1890; baseline -0.003 -20"><span class='ocrx_word' id='word_1_132' title='bbox 182 1810 389 1872; x_wconf 88' lang='lat' dir='ltr'><strong>hebraicorum</strong></span> <span class='ocrx_word' id='word_1_133' title='bbox 409 1812 562 1871; x_wconf 92' lang='lat' dir='ltr'><strong>nominum</strong></span> <span class='ocrx_word' id='word_1_134' title='bbox 578 1827 637 1869; x_wconf 91' lang='lat' dir='ltr'><strong>non</strong></span> <span class='ocrx_word' id='word_1_135' title='bbox 653 1830 687 1870; x_wconf 88' lang='lat' dir='ltr'><strong>ex</strong></span> <span class='ocrx_word' id='word_1_136' title='bbox 702 1810 892 1890; x_wconf 78' lang='lat' dir='ltr'><strong>Hieronymo,</strong></span> <span class='ocrx_word' id='word_1_137' title='bbox 905 1828 969 1889; x_wconf 86' lang='lat' dir='ltr'><strong>quae</strong></span> <span class='ocrx_word' id='word_1_138' title='bbox 984 1819 1158 1870; x_wconf 69' lang='lat' dir='ltr'><strong>caeterorum</strong></span> <span class='ocrx_word' id='word_1_139' title='bbox 1174 1817 1314 1889; x_wconf 85' lang='lat' dir='ltr'><strong>perpetua</strong></span> <span class='ocrx_word' id='word_1_140' title='bbox 1332 1826 1402 1867; x_wconf 95' lang='lat' dir='ltr'><strong>con-</strong></span> 
     </span>
     <span class='ocr_line' id='line_1_16' title="bbox 183 1904 1399 1987; baseline -0.004 -19"><span class='ocrx_word' id='word_1_141' title='bbox 183 1908 307 1969; x_wconf 87' lang='lat' dir='ltr'><strong>suetudo</strong></span> <span class='ocrx_word' id='word_1_142' title='bbox 324 1917 380 1982; x_wconf 89' lang='lat' dir='ltr'><strong>est,</strong></span> <span class='ocrx_word' id='word_1_143' title='bbox 397 1907 448 1968; x_wconf 91' lang='lat' dir='ltr'><strong>sed</strong></span> <span class='ocrx_word' id='word_1_144' title='bbox 464 1925 499 1967; x_wconf 85' lang='lat' dir='ltr'><strong>ex</strong></span> <span class='ocrx_word' id='word_1_145' title='bbox 514 1908 584 1987; x_wconf 91' lang='lat' dir='ltr'><strong>ipsis</strong></span> <span class='ocrx_word' id='word_1_146' title='bbox 599 1905 747 1968; x_wconf 91' lang='lat' dir='ltr'><strong>radicibus</strong></span> <span class='ocrx_word' id='word_1_147' title='bbox 760 1905 905 1967; x_wconf 90' lang='lat' dir='ltr'><strong>hebraicis</strong></span> <span class='ocrx_word' id='word_1_148' title='bbox 920 1906 1094 1985; x_wconf 88' lang='lat' dir='ltr'><strong>desumpsit.</strong></span> <span class='ocrx_word' id='word_1_149' title='bbox 1107 1904 1140 1964; x_wconf 94' lang='lat' dir='ltr'><strong>ln</strong></span> <span class='ocrx_word' id='word_1_150' title='bbox 1153 1904 1315 1964; x_wconf 90' lang='lat' dir='ltr'><strong>enarrando</strong></span> <span class='ocrx_word' id='word_1_151' title='bbox 1330 1922 1399 1964; x_wconf 80' lang='lat' dir='ltr'><strong>vero</strong></span> 
     </span>
     <span class='ocr_line' id='line_1_17' title="bbox 182 2002 1398 2085; baseline -0.003 -18"><span class='ocrx_word' id='word_1_152' title='bbox 182 2024 266 2067; x_wconf 89' lang='lat' dir='ltr'><strong>sacro</strong></span> <span class='ocrx_word' id='word_1_153' title='bbox 282 2013 431 2080; x_wconf 85' lang='lat' dir='ltr'><strong>contextu,</strong></span> <span class='ocrx_word' id='word_1_154' title='bbox 450 2023 518 2064; x_wconf 93' lang='lat' dir='ltr'><strong>eum</strong></span> <span class='ocrx_word' id='word_1_155' title='bbox 534 2023 565 2064; x_wconf 90' lang='lat' dir='ltr'><strong>se</strong></span> <span class='ocrx_word' id='word_1_156' title='bbox 582 2002 694 2085; x_wconf 85' lang='lat' dir='ltr'><strong>praebet</strong></span> <span class='ocrx_word' id='word_1_157' title='bbox 708 2005 754 2065; x_wconf 91' lang='lat' dir='ltr'><strong>cui</strong></span> <span class='ocrx_word' id='word_1_158' title='bbox 770 2023 870 2085; x_wconf 89' lang='lat' dir='ltr'><strong>parem</strong></span> <span class='ocrx_word' id='word_1_159' title='bbox 886 2006 915 2063; x_wconf 92' lang='lat' dir='ltr'><strong>in</strong></span> <span class='ocrx_word' id='word_1_160' title='bbox 928 2012 989 2064; x_wconf 92' lang='lat' dir='ltr'><strong>toto</strong></span> <span class='ocrx_word' id='word_1_161' title='bbox 1001 2003 1098 2063; x_wconf 92' lang='lat' dir='ltr'><strong>medio</strong></span> <span class='ocrx_word' id='word_1_162' title='bbox 1109 2020 1170 2062; x_wconf 81' lang='lat' dir='ltr'><strong>aevo</strong></span> <span class='ocrx_word' id='word_1_163' title='bbox 1181 2020 1240 2062; x_wconf 94' lang='lat' dir='ltr'><strong>non</strong></span> <span class='ocrx_word' id='word_1_164' title='bbox 1256 2004 1398 2063; x_wconf 85' lang='lat' dir='ltr'><strong>invenias.</strong></span> 
     </span>
     <span class='ocr_line' id='line_1_18' title="bbox 182 2097 1400 2181; baseline -0.003 -18"><span class='ocrx_word' id='word_1_165' title='bbox 182 2101 259 2163; x_wconf 92' lang='lat' dir='ltr'><strong>Nihil</strong></span> <span class='ocrx_word' id='word_1_166' title='bbox 288 2103 367 2162; x_wconf 91' lang='lat' dir='ltr'><strong>enim</strong></span> <span class='ocrx_word' id='word_1_167' title='bbox 396 2099 472 2180; x_wconf 90' lang='lat' dir='ltr'><strong>apud</strong></span> <span class='ocrx_word' id='word_1_168' title='bbox 501 2119 569 2160; x_wconf 89' lang='lat' dir='ltr'><strong>eum</strong></span> <span class='ocrx_word' id='word_1_169' title='bbox 597 2109 652 2177; x_wconf 91' lang='lat' dir='ltr'><strong>est,</strong></span> <span class='ocrx_word' id='word_1_170' title='bbox 679 2099 756 2180; x_wconf 91' lang='lat' dir='ltr'><strong>quod</strong></span> <span class='ocrx_word' id='word_1_171' title='bbox 779 2119 838 2160; x_wconf 94' lang='lat' dir='ltr'><strong>non</strong></span> <span class='ocrx_word' id='word_1_172' title='bbox 865 2118 969 2181; x_wconf 91' lang='lat' dir='ltr'><strong>puram</strong></span> <span class='ocrx_word' id='word_1_173' title='bbox 993 2097 1185 2160; x_wconf 70' lang='lat' dir='ltr'><strong>Hebraeorum</strong></span> <span class='ocrx_word' id='word_1_174' title='bbox 1210 2098 1400 2159; x_wconf 90' lang='lat' dir='ltr'><strong>traditionem</strong></span> 
     </span>
     <span class='ocr_line' id='line_1_19' title="bbox 182 2194 1403 2279; baseline -0.004 -20"><span class='ocrx_word' id='word_1_175' title='bbox 182 2198 285 2279; x_wconf 89' lang='lat' dir='ltr'><strong>sapiat.</strong></span> <span class='ocrx_word' id='word_1_176' title='bbox 307 2197 425 2259; x_wconf 89' lang='lat' dir='ltr'><strong>Nullum</strong></span> <span class='ocrx_word' id='word_1_177' title='bbox 446 2215 554 2258; x_wconf 88' lang='lat' dir='ltr'><strong>nomen</strong></span> <span class='ocrx_word' id='word_1_178' title='bbox 575 2197 703 2274; x_wconf 91' lang='lat' dir='ltr'><strong>adducit,</strong></span> <span class='ocrx_word' id='word_1_179' title='bbox 727 2216 833 2278; x_wconf 88' lang='lat' dir='ltr'><strong>neque,</strong></span> <span class='ocrx_word' id='word_1_180' title='bbox 858 2197 913 2258; x_wconf 91' lang='lat' dir='ltr'><strong>nisi</strong></span> <span class='ocrx_word' id='word_1_181' title='bbox 935 2199 1020 2257; x_wconf 94' lang='lat' dir='ltr'><strong>unico</strong></span> <span class='ocrx_word' id='word_1_182' title='bbox 1040 2195 1150 2256; x_wconf 86' lang='lat' dir='ltr'><strong>verbo:</strong></span> <span class='ocrx_word' id='word_1_183' title='bbox 1171 2194 1318 2257; x_wconf 74' lang='lat' dir='ltr'><strong>«Hebraei</strong></span> <span class='ocrx_word' id='word_1_184' title='bbox 1345 2204 1403 2255; x_wconf 92' lang='lat' dir='ltr'><strong>tra·</strong></span> 
     </span>
     <span class='ocr_line' id='line_1_20' title="bbox 185 2291 1399 2374; baseline -0.002 -20"><span class='ocrx_word' id='word_1_185' title='bbox 185 2295 259 2355; x_wconf 88' lang='lat' dir='ltr'><strong>dunt</strong></span> <span class='ocrx_word' id='word_1_186' title='bbox 279 2315 307 2368; x_wconf 77' lang='lat' dir='ltr'><strong>a,</strong></span> <span class='ocrx_word' id='word_1_187' title='bbox 329 2294 406 2355; x_wconf 93' lang='lat' dir='ltr'><strong>unde</strong></span> <span class='ocrx_word' id='word_1_188' title='bbox 428 2312 480 2354; x_wconf 92' lang='lat' dir='ltr'><strong>sua</strong></span> <span class='ocrx_word' id='word_1_189' title='bbox 501 2295 661 2374; x_wconf 89' lang='lat' dir='ltr'><strong>sumpserit</strong></span> <span class='ocrx_word' id='word_1_190' title='bbox 682 2294 803 2368; x_wconf 90' lang='lat' dir='ltr'><strong>indicat,</strong></span> <span class='ocrx_word' id='word_1_191' title='bbox 826 2293 877 2355; x_wconf 91' lang='lat' dir='ltr'><strong>sed</strong></span> <span class='ocrx_word' id='word_1_192' title='bbox 900 2311 983 2374; x_wconf 84' lang='lat' dir='ltr'><strong>paene</strong></span> <span class='ocrx_word' id='word_1_193' title='bbox 999 2291 1204 2353; x_wconf 88' lang='lat' dir='ltr'><strong>incredibilem</strong></span> <span class='ocrx_word' id='word_1_194' title='bbox 1220 2293 1317 2374; x_wconf 86' lang='lat' dir='ltr'><strong>prodit</strong></span> <span class='ocrx_word' id='word_1_195' title='bbox 1333 2311 1399 2352; x_wconf 93' lang='lat' dir='ltr'><strong>cum</strong></span> 
     </span>
     <span class='ocr_line' id='line_1_21' title="bbox 183 2389 1400 2470; baseline 0.001 -20"><span class='ocrx_word' id='word_1_196' title='bbox 183 2391 309 2470; x_wconf 89' lang='lat' dir='ltr'><strong>antiquis</strong></span> <span class='ocrx_word' id='word_1_197' title='bbox 328 2390 454 2470; x_wconf 88' lang='lat' dir='ltr'><strong>judaicis</strong></span> <span class='ocrx_word' id='word_1_198' title='bbox 477 2389 603 2468; x_wconf 83' lang='lat' dir='ltr'><strong>exegetis</strong></span> <span class='ocrx_word' id='word_1_199' title='bbox 625 2390 865 2452; x_wconf 87' lang='lat' dir='ltr'><strong>familiaritatem.</strong></span> <span class='ocrx_word' id='word_1_200' title='bbox 892 2391 986 2452; x_wconf 90' lang='lat' dir='ltr'><strong>lmmo</strong></span> <span class='ocrx_word' id='word_1_201' title='bbox 1008 2409 1078 2451; x_wconf 83' lang='lat' dir='ltr'><strong>vero</strong></span> <span class='ocrx_word' id='word_1_202' title='bbox 1100 2393 1215 2452; x_wconf 78' lang='lat' dir='ltr'><strong>caeteris</strong></span> <span class='ocrx_word' id='word_1_203' title='bbox 1242 2390 1400 2464; x_wconf 71' lang='lat' dir='ltr'><strong>universis</strong></span> 
     </span>
     <span class='ocr_line' id='line_1_22' title="bbox 183 2485 1403 2570; baseline -0.002 -21"><span class='ocrx_word' id='word_1_204' title='bbox 183 2491 232 2569; x_wconf 90' lang='lat' dir='ltr'><strong>qui</strong></span> <span class='ocrx_word' id='word_1_205' title='bbox 247 2488 282 2549; x_wconf 92' lang='lat' dir='ltr'><strong>ad</strong></span> <span class='ocrx_word' id='word_1_206' title='bbox 297 2507 351 2549; x_wconf 94' lang='lat' dir='ltr'><strong>nos</strong></span> <span class='ocrx_word' id='word_1_207' title='bbox 366 2495 575 2568; x_wconf 85' lang='lat' dir='ltr'><strong>pervenerunt,</strong></span> <span class='ocrx_word' id='word_1_208' title='bbox 591 2486 736 2548; x_wconf 92' lang='lat' dir='ltr'><strong>hebraicis</strong></span> <span class='ocrx_word' id='word_1_209' title='bbox 752 2485 847 2550; x_wconf 82' lang='lat' dir='ltr'><strong>Sacrae</strong></span> <span class='ocrx_word' id='word_1_210' title='bbox 862 2488 1020 2570; x_wconf 87' lang='lat' dir='ltr'><strong>Scripturae</strong></span> <span class='ocrx_word' id='word_1_211' title='bbox 1030 2487 1241 2570; x_wconf 85' lang='lat' dir='ltr'><strong>interpretibus</strong></span> <span class='ocrx_word' id='word_1_212' title='bbox 1252 2489 1403 2567; x_wconf 90' lang='lat' dir='ltr'><strong>antiquior</strong></span> 
     </span>
     <span class='ocr_line' id='line_1_23' title="bbox 184 2583 1401 2664; baseline -0.002 -18"><span class='ocrx_word' id='word_1_213' title='bbox 184 2593 240 2660; x_wconf 91' lang='lat' dir='ltr'><strong>est,</strong></span> <span class='ocrx_word' id='word_1_214' title='bbox 257 2604 324 2646; x_wconf 91' lang='lat' dir='ltr'><strong>cum</strong></span> <span class='ocrx_word' id='word_1_215' title='bbox 340 2604 394 2646; x_wconf 93' lang='lat' dir='ltr'><strong>nec</strong></span> <span class='ocrx_word' id='word_1_216' title='bbox 409 2603 501 2645; x_wconf 90' lang='lat' dir='ltr'><strong>unum</strong></span> <span class='ocrx_word' id='word_1_217' title='bbox 516 2583 687 2659; x_wconf 88' lang='lat' dir='ltr'><strong>habeamus,</strong></span> <span class='ocrx_word' id='word_1_218' title='bbox 704 2595 736 2646; x_wconf 96' lang='lat' dir='ltr'><strong>ut</strong></span> <span class='ocrx_word' id='word_1_219' title='bbox 749 2588 842 2662; x_wconf 89' lang='lat' dir='ltr'><strong>aiunt,</strong></span> <span class='ocrx_word' id='word_1_220' title='bbox 863 2586 1014 2646; x_wconf 83' lang='lat' dir='ltr'><strong>midraacb</strong></span> <span class='ocrx_word' id='word_1_221' title='bbox 1033 2588 1062 2646; x_wconf 94' lang='lat' dir='ltr'><strong>in</strong></span> <span class='ocrx_word' id='word_1_222' title='bbox 1079 2584 1171 2646; x_wconf 92' lang='lat' dir='ltr'><strong>libros</strong></span> <span class='ocrx_word' id='word_1_223' title='bbox 1186 2584 1305 2649; x_wconf 91' lang='lat' dir='ltr'><strong>Samuel</strong></span> <span class='ocrx_word' id='word_1_224' title='bbox 1323 2585 1401 2664; x_wconf 90' lang='lat' dir='ltr'><strong>quod</strong></span> 
     </span>
     <span class='ocr_line' id='line_1_24' title="bbox 185 2681 1404 2765; baseline -0.002 -21"><span class='ocrx_word' id='word_1_225' title='bbox 185 2682 324 2744; x_wconf 70' lang='lat' dir='ltr'><strong>sacculum</strong></span> <span class='ocrx_word' id='word_1_226' title='bbox 348 2689 413 2764; x_wconf 91' lang='lat' dir='ltr'><strong>post</strong></span> <span class='ocrx_word' id='word_1_227' title='bbox 433 2681 578 2744; x_wconf 74' lang='lat' dir='ltr'><strong>(iluistum</strong></span> <span class='ocrx_word' id='word_1_228' title='bbox 601 2682 749 2744; x_wconf 87' lang='lat' dir='ltr'><strong>decimum</strong></span> <span class='ocrx_word' id='word_1_229' title='bbox 771 2692 857 2744; x_wconf 79' lang='lat' dir='ltr'><strong>atate</strong></span> <span class='ocrx_word' id='word_1_230' title='bbox 880 2692 1010 2765; x_wconf 89' lang='lat' dir='ltr'><strong>superet.</strong></span> <span class='ocrx_word' id='word_1_231' title='bbox 1035 2683 1067 2744; x_wconf 93' lang='lat' dir='ltr'><strong>ln</strong></span> <span class='ocrx_word' id='word_1_232' title='bbox 1083 2702 1118 2743; x_wconf 89' lang='lat' dir='ltr'><strong>eo</strong></span> <span class='ocrx_word' id='word_1_233' title='bbox 1141 2681 1266 2743; x_wconf 87' lang='lat' dir='ltr'><strong>maxime</strong></span> <span class='ocrx_word' id='word_1_234' title='bbox 1285 2681 1404 2742; x_wconf 81' lang='lat' dir='ltr'><strong>videtur</strong></span> 
     </span>
    </p>
   </div>
   <div class='ocr_carea' id='block_1_3' title="bbox 185 2777 1407 3330">
    <p class='ocr_par' dir='ltr' id='par_1_3' title="bbox 185 2777 1407 3330">
     <span class='ocr_line' id='line_1_25' title="bbox 185 2777 1404 2862; baseline 0 -22"><span class='ocrx_word' id='word_1_235' title='bbox 185 2779 334 2857; x_wconf 88' lang='lat' dir='ltr'><strong>notabilis,</strong></span> <span class='ocrx_word' id='word_1_236' title='bbox 356 2779 434 2861; x_wconf 93' lang='lat' dir='ltr'><strong>quod</strong></span> <span class='ocrx_word' id='word_1_237' title='bbox 453 2777 545 2840; x_wconf 90' lang='lat' dir='ltr'><strong>libros</strong></span> <span class='ocrx_word' id='word_1_238' title='bbox 566 2781 626 2842; x_wconf 86' lang='lat' dir='ltr'><strong>siro</strong></span> <span class='ocrx_word' id='word_1_239' title='bbox 645 2780 815 2862; x_wconf 90' lang='lat' dir='ltr'><strong>deperditos</strong></span> <span class='ocrx_word' id='word_1_240' title='bbox 835 2783 896 2843; x_wconf 85' lang='lat' dir='ltr'><strong>sire</strong></span> <span class='ocrx_word' id='word_1_241' title='bbox 918 2802 933 2843; x_wconf 95' lang='lat' dir='ltr'><strong>a</strong></span> <span class='ocrx_word' id='word_1_242' title='bbox 957 2781 1134 2843; x_wconf 89' lang='lat' dir='ltr'><strong>talmudistis</strong></span> <span class='ocrx_word' id='word_1_243' title='bbox 1155 2780 1306 2859; x_wconf 83' lang='lat' dir='ltr'><strong>neglectos</strong></span> <span class='ocrx_word' id='word_1_244' title='bbox 1326 2779 1404 2840; x_wconf 91' lang='lat' dir='ltr'><strong>haud</strong></span> 
     </span>
     <span class='ocr_line' id='line_1_26' title="bbox 185 2877 1404 2962; baseline -0.002 -21"><span class='ocrx_word' id='word_1_245' title='bbox 185 2898 251 2941; x_wconf 91' lang='lat' dir='ltr'><strong>raro</strong></span> <span class='ocrx_word' id='word_1_246' title='bbox 266 2879 395 2956; x_wconf 92' lang='lat' dir='ltr'><strong>adducit,</strong></span> <span class='ocrx_word' id='word_1_247' title='bbox 413 2879 490 2939; x_wconf 90' lang='lat' dir='ltr'><strong>unde</strong></span> <span class='ocrx_word' id='word_1_248' title='bbox 505 2878 596 2939; x_wconf 89' lang='lat' dir='ltr'><strong>libros</strong></span> <span class='ocrx_word' id='word_1_249' title='bbox 612 2880 676 2959; x_wconf 86' lang='lat' dir='ltr'><strong>ejus</strong></span> <span class='ocrx_word' id='word_1_250' title='bbox 691 2881 769 2940; x_wconf 86' lang='lat' dir='ltr'><strong>inter</strong></span> <span class='ocrx_word' id='word_1_251' title='bbox 784 2882 948 2962; x_wconf 89' lang='lat' dir='ltr'><strong>praecipuos</strong></span> <span class='ocrx_word' id='word_1_252' title='bbox 965 2881 1129 2941; x_wconf 91' lang='lat' dir='ltr'><strong>traditionis</strong></span> <span class='ocrx_word' id='word_1_253' title='bbox 1144 2877 1291 2940; x_wconf 73' lang='lat' dir='ltr'><strong>hebraicae</strong></span> <span class='ocrx_word' id='word_1_254' title='bbox 1307 2879 1404 2940; x_wconf 85' lang='lat' dir='ltr'><strong>sontes</strong></span> 
     </span>
     <span class='ocr_line' id='line_1_27' title="bbox 185 2974 1406 3057; baseline -0.001 -18"><span class='ocrx_word' id='word_1_255' title='bbox 185 2978 334 3038; x_wconf 88' lang='lat' dir='ltr'><strong>recenseri</strong></span> <span class='ocrx_word' id='word_1_256' title='bbox 353 2994 469 3055; x_wconf 77' lang='lat' dir='ltr'><strong>aequum</strong></span> <span class='ocrx_word' id='word_1_257' title='bbox 486 2984 541 3036; x_wconf 91' lang='lat' dir='ltr'><strong>est.</strong></span> <span class='ocrx_word' id='word_1_258' title='bbox 559 2974 616 3037; x_wconf 89' lang='lat' dir='ltr'><strong>Sed</strong></span> <span class='ocrx_word' id='word_1_259' title='bbox 636 2976 671 3036; x_wconf 93' lang='lat' dir='ltr'><strong>de</strong></span> <span class='ocrx_word' id='word_1_260' title='bbox 693 2976 742 3036; x_wconf 96' lang='lat' dir='ltr'><strong>illo</strong></span> <span class='ocrx_word' id='word_1_261' title='bbox 762 2978 832 3037; x_wconf 92' lang='lat' dir='ltr'><strong>satis</strong></span> <span class='ocrx_word' id='word_1_262' title='bbox 852 2975 937 3038; x_wconf 91' lang='lat' dir='ltr'><strong>nobis</strong></span> <span class='ocrx_word' id='word_1_263' title='bbox 957 2976 1068 3037; x_wconf 89' lang='lat' dir='ltr'><strong>dictum</strong></span> <span class='ocrx_word' id='word_1_264' title='bbox 1089 2984 1145 3052; x_wconf 91' lang='lat' dir='ltr'><strong>est,</strong></span> <span class='ocrx_word' id='word_1_265' title='bbox 1162 2994 1229 3035; x_wconf 94' lang='lat' dir='ltr'><strong>cum</strong></span> <span class='ocrx_word' id='word_1_266' title='bbox 1251 2994 1406 3057; x_wconf 88' lang='lat' dir='ltr'><strong>speremus</strong></span> 
     </span>
     <span class='ocr_line' id='line_1_28' title="bbox 187 3072 1407 3149; baseline 0 -13"><span class='ocrx_word' id='word_1_267' title='bbox 187 3075 248 3138; x_wconf 91' lang='lat' dir='ltr'><strong>Jos.</strong></span> <span class='ocrx_word' id='word_1_268' title='bbox 264 3074 427 3148; x_wconf 85' lang='lat' dir='ltr'><strong>Lehmann,</strong></span> <span class='ocrx_word' id='word_1_269' title='bbox 444 3074 538 3132; x_wconf 88' lang='lat' dir='ltr'><strong>virum</strong></span> <span class='ocrx_word' id='word_1_270' title='bbox 553 3074 583 3132; x_wconf 91' lang='lat' dir='ltr'><strong>in</strong></span> <span class='ocrx_word' id='word_1_271' title='bbox 598 3072 738 3132; x_wconf 84' lang='lat' dir='ltr'><strong>Talmude</strong></span> <span class='ocrx_word' id='word_1_272' title='bbox 755 3075 1041 3149; x_wconf 82' lang='lat' dir='ltr'><strong>exercitatissimum,</strong></span> <span class='ocrx_word' id='word_1_273' title='bbox 1054 3073 1238 3146; x_wconf 80' lang='lat' dir='ltr'><strong>Quaestioues</strong></span> <span class='ocrx_word' id='word_1_274' title='bbox 1254 3073 1407 3137; x_wconf 90' lang='lat' dir='ltr'><strong>hebraicas</strong></span> 
     </span>
     <span class='ocr_line' id='line_1_29' title="bbox 188 3168 1405 3248; baseline 0 -15"><span class='ocrx_word' id='word_1_275' title='bbox 188 3182 303 3234; x_wconf 90' lang='lat' dir='ltr'><strong>nostras</strong></span> <span class='ocrx_word' id='word_1_276' title='bbox 322 3189 454 3233; x_wconf 75' lang='lat' dir='ltr'><strong>censurae</strong></span> <span class='ocrx_word' id='word_1_277' title='bbox 478 3188 538 3231; x_wconf 90' lang='lat' dir='ltr'><strong>suae</strong></span> <span class='ocrx_word' id='word_1_278' title='bbox 560 3168 776 3248; x_wconf 89' lang='lat' dir='ltr'><strong>subjecturum,</strong></span> <span class='ocrx_word' id='word_1_279' title='bbox 796 3188 884 3248; x_wconf 89' lang='lat' dir='ltr'><strong>quem</strong></span> <span class='ocrx_word' id='word_1_280' title='bbox 912 3169 1043 3230; x_wconf 88' lang='lat' dir='ltr'><strong>laborem</strong></span> <span class='ocrx_word' id='word_1_281' title='bbox 1070 3188 1170 3231; x_wconf 90' lang='lat' dir='ltr'><strong>rerum</strong></span> <span class='ocrx_word' id='word_1_282' title='bbox 1199 3169 1405 3233; x_wconf 89' lang='lat' dir='ltr'><strong>hebraicarum</strong></span> 
     </span>
     <span class='ocr_line' id='line_1_30' title="bbox 190 3266 1032 3330; baseline -0.004 0"><span class='ocrx_word' id='word_1_283' title='bbox 190 3268 328 3330; x_wconf 90' lang='lat' dir='ltr'><strong>studiosis</strong></span> <span class='ocrx_word' id='word_1_284' title='bbox 344 3267 491 3329; x_wconf 90' lang='lat' dir='ltr'><strong>nonnihil</strong></span> <span class='ocrx_word' id='word_1_285' title='bbox 508 3267 655 3328; x_wconf 91' lang='lat' dir='ltr'><strong>commodi</strong></span> <span class='ocrx_word' id='word_1_286' title='bbox 671 3267 828 3327; x_wconf 92' lang='lat' dir='ltr'><strong>allaturum</strong></span> <span class='ocrx_word' id='word_1_287' title='bbox 844 3266 1032 3328; x_wconf 89' lang='lat' dir='ltr'><strong>arbitramur.</strong></span> 
     </span>
    </p>
   </div>
   <div class='ocr_carea' id='block_1_4' title="bbox 0 0 1594 5580">
    <p class='ocr_par' dir='ltr' id='par_1_4' title="bbox 0 0 1594 5580">
     <span class='ocr_line' id='line_1_31' title="bbox 0 0 1594 5580; baseline 0 0"><span class='ocrx_word' id='word_1_288' title='bbox 0 0 1594 5580; x_wconf 95' lang='lat' dir='ltr'><strong> </strong></span> 
     </span>
    </p>
   </div>
  </div>
 </body>
</html>
