<?xml version="1.0" encoding="UTF-8"?>
<!DOCTYPE html PUBLIC "-//W3C//DTD XHTML 1.0 Transitional//EN"
    "http://www.w3.org/TR/xhtml1/DTD/xhtml1-transitional.dtd">
<html xmlns="http://www.w3.org/1999/xhtml" xml:lang="en" lang="en">
 <head>
  <title>
</title>
<meta http-equiv="Content-Type" content="text/html;charset=utf-8" />
  <meta name='ocr-system' content='tesseract 3.04.00' />
  <meta name='ocr-capabilities' content='ocr_page ocr_carea ocr_par ocr_line ocrx_word'/>
</head>
<body>
  <div class='ocr_page' id='page_1' title='image "./quamnotitiamlin00berggoog_0030.png"; bbox 0 0 3180 5580; ppageno 0'>
   <div class='ocr_carea' id='block_1_1' title="bbox 509 453 1300 513">
    <p class='ocr_par' dir='ltr' id='par_1_1' title="bbox 509 453 1300 513">
     <span class='ocr_line' id='line_1_1' title="bbox 509 453 1300 513; baseline 0.004 -3"><span class='ocrx_word' id='word_1_1' title='bbox 509 466 656 511; x_wconf 78' lang='lat' dir='ltr'>ursocius</span> <span class='ocrx_word' id='word_1_2' title='bbox 679 465 877 512; x_wconf 78' lang='lat' dir='ltr'>unusucourr.</span> <span class='ocrx_word' id='word_1_3' title='bbox 1264 453 1300 513; x_wconf 78' lang='grc'>13</span> 
     </span>
    </p>
   </div>
   <div class='ocr_carea' id='block_1_2' title="bbox 80 583 1307 2512">
    <p class='ocr_par' dir='ltr' id='par_1_2' title="bbox 80 583 1307 2512">
     <span class='ocr_line' id='line_1_2' title="bbox 80 583 1301 654; baseline 0.003 -18"><span class='ocrx_word' id='word_1_4' title='bbox 80 585 210 650; x_wconf 76' lang='lat' dir='ltr'>hesitans,</span> <span class='ocrx_word' id='word_1_5' title='bbox 226 584 275 636; x_wconf 90' lang='lat' dir='ltr'>hac</span> <span class='ocrx_word' id='word_1_6' title='bbox 290 583 486 638; x_wconf 81' lang='lat' dir='ltr'>deliberacione</span> <span class='ocrx_word' id='word_1_7' title='bbox 500 588 643 638; x_wconf 90' lang='lat' dir='ltr'>contentus</span> <span class='ocrx_word' id='word_1_8' title='bbox 658 598 718 638; x_wconf 88' lang='lat' dir='ltr'>sum</span> <span class='ocrx_word' id='word_1_9' title='bbox 733 588 761 637; x_wconf 93' lang='lat' dir='ltr'>ut</span> <span class='ocrx_word' id='word_1_10' title='bbox 778 584 833 654; x_wconf 83' lang='lat' dir='ltr'>(iol.</span> <span class='ocrx_word' id='word_1_11' title='bbox 854 588 899 638; x_wconf 81' lang='lat' dir='ltr'>tlt</span> <span class='ocrx_word' id='word_1_12' title='bbox 919 584 967 652; x_wconf 60' lang='lat' dir='ltr'>uit),</span> <span class='ocrx_word' id='word_1_13' title='bbox 980 587 1064 639; x_wconf 82' lang='lat' dir='ltr'><strong>sicubi</strong></span> <span class='ocrx_word' id='word_1_14' title='bbox 1079 586 1301 653; x_wconf 81' lang='lat' dir='ltr'>exemplariorum</span> 
     </span>
     <span class='ocr_line' id='line_1_3' title="bbox 80 671 1301 741; baseline 0.006 -18"><span class='ocrx_word' id='word_1_15' title='bbox 80 675 256 725; x_wconf 78' lang='lat' dir='ltr'>numerositas</span> <span class='ocrx_word' id='word_1_16' title='bbox 272 673 443 739; x_wconf 82' lang='lat' dir='ltr'>discordaret,</span> <span class='ocrx_word' id='word_1_17' title='bbox 460 674 503 727; x_wconf 92' lang='lat' dir='ltr'>bic</span> <span class='ocrx_word' id='word_1_18' title='bbox 519 672 587 740; x_wconf 67' lang='lat' dir='ltr'>(leae</span> <span class='ocrx_word' id='word_1_19' title='bbox 602 671 653 739; x_wconf 79' lang='lat' dir='ltr'>his)</span> <span class='ocrx_word' id='word_1_20' title='bbox 665 676 753 740; x_wconf 94' lang='lat' dir='ltr'>potius</span> <span class='ocrx_word' id='word_1_21' title='bbox 768 675 914 740; x_wconf 84' lang='lat' dir='ltr'>crederem,</span> <span class='ocrx_word' id='word_1_22' title='bbox 927 679 1011 728; x_wconf 91' lang='lat' dir='ltr'>eciam</span> <span class='ocrx_word' id='word_1_23' title='bbox 1025 678 1048 727; x_wconf 92' lang='lat' dir='ltr'>si</span> <span class='ocrx_word' id='word_1_24' title='bbox 1063 675 1119 729; x_wconf 87' lang='lat' dir='ltr'>tore</span> <span class='ocrx_word' id='word_1_25' title='bbox 1134 680 1301 741; x_wconf 84' lang='lat' dir='ltr'>contingeret</span> 
     </span>
     <span class='ocr_line' id='line_1_4' title="bbox 80 762 1302 828; baseline 0.005 -17"><span class='ocrx_word' id='word_1_26' title='bbox 80 763 216 827; x_wconf 83' lang='lat' dir='ltr'>pauciora,</span> <span class='ocrx_word' id='word_1_27' title='bbox 232 774 284 828; x_wconf 89' lang='lat' dir='ltr'>que</span> <span class='ocrx_word' id='word_1_28' title='bbox 298 774 360 814; x_wconf 90' lang='lat' dir='ltr'>cum</span> <span class='ocrx_word' id='word_1_29' title='bbox 373 762 543 815; x_wconf 82' lang='lat' dir='ltr'>bibliothecis</span> <span class='ocrx_word' id='word_1_30' title='bbox 562 762 695 815; x_wconf 87' lang='lat' dir='ltr'>hebraicis</span> <span class='ocrx_word' id='word_1_31' title='bbox 710 762 913 828; x_wconf 86' lang='lat' dir='ltr'>concordarent,</span> <span class='ocrx_word' id='word_1_32' title='bbox 935 777 1011 815; x_wconf 89' lang='lat' dir='ltr'>veras</span> <span class='ocrx_word' id='word_1_33' title='bbox 1027 777 1119 816; x_wconf 91' lang='lat' dir='ltr'>eorum</span> <span class='ocrx_word' id='word_1_34' title='bbox 1140 768 1302 818; x_wconf 89' lang='lat' dir='ltr'>assertiones</span> 
     </span>
     <span class='ocr_line' id='line_1_5' title="bbox 80 848 1301 920; baseline 0.006 -21"><span class='ocrx_word' id='word_1_35' title='bbox 80 848 212 900; x_wconf 87' lang='lat' dir='ltr'>arbitrans</span> <span class='ocrx_word' id='word_1_36' title='bbox 232 849 330 914; x_wconf 89' lang='lat' dir='ltr'>quibus</span> <span class='ocrx_word' id='word_1_37' title='bbox 353 851 480 913; x_wconf 81' lang='lat' dir='ltr'>magistra</span> <span class='ocrx_word' id='word_1_38' title='bbox 500 851 598 902; x_wconf 86' lang='lat' dir='ltr'>veritas</span> <span class='ocrx_word' id='word_1_39' title='bbox 617 852 797 902; x_wconf 86' lang='lat' dir='ltr'>testimouium</span> <span class='ocrx_word' id='word_1_40' title='bbox 816 851 977 916; x_wconf 90' lang='lat' dir='ltr'>perhiberet.</span> <span class='ocrx_word' id='word_1_41' title='bbox 1001 852 1072 913; x_wconf 81' lang='lat' dir='ltr'>Quod</span> <span class='ocrx_word' id='word_1_42' title='bbox 1088 854 1182 920; x_wconf 89' lang='lat' dir='ltr'>utique</span> <span class='ocrx_word' id='word_1_43' title='bbox 1199 853 1301 906; x_wconf 84' lang='lat' dir='ltr'>taciens</span> 
     </span>
     <span class='ocr_line' id='line_1_6' title="bbox 81 937 1301 1009; baseline 0.005 -21"><span class='ocrx_word' id='word_1_44' title='bbox 81 937 181 989; x_wconf 93' lang='lat' dir='ltr'>idcirco</span> <span class='ocrx_word' id='word_1_45' title='bbox 195 938 352 991; x_wconf 88' lang='lat' dir='ltr'>dissertores</span> <span class='ocrx_word' id='word_1_46' title='bbox 368 939 508 992; x_wconf 89' lang='lat' dir='ltr'>hebraicos</span> <span class='ocrx_word' id='word_1_47' title='bbox 521 944 660 1006; x_wconf 87' lang='lat' dir='ltr'>suspectos</span> <span class='ocrx_word' id='word_1_48' title='bbox 676 953 844 1007; x_wconf 77' lang='lat' dir='ltr'>nequaquam</span> <span class='ocrx_word' id='word_1_49' title='bbox 858 940 948 1002; x_wconf 91' lang='lat' dir='ltr'>habui,</span> <span class='ocrx_word' id='word_1_50' title='bbox 961 943 1022 1007; x_wconf 90' lang='lat' dir='ltr'>quia</span> <span class='ocrx_word' id='word_1_51' title='bbox 1031 941 1156 994; x_wconf 85' lang='lat' dir='ltr'>videlicet</span> <span class='ocrx_word' id='word_1_52' title='bbox 1169 944 1197 993; x_wconf 91' lang='lat' dir='ltr'>iu</span> <span class='ocrx_word' id='word_1_53' title='bbox 1211 942 1301 1009; x_wconf 88' lang='lat' dir='ltr'>aliquo</span> 
     </span>
     <span class='ocr_line' id='line_1_7' title="bbox 81 1027 1302 1097; baseline 0.005 -20"><span class='ocrx_word' id='word_1_54' title='bbox 81 1027 162 1078; x_wconf 91' lang='lat' dir='ltr'>michi</span> <span class='ocrx_word' id='word_1_55' title='bbox 184 1040 237 1078; x_wconf 92' lang='lat' dir='ltr'>nou</span> <span class='ocrx_word' id='word_1_56' title='bbox 258 1027 308 1080; x_wconf 89' lang='lat' dir='ltr'>tuit</span> <span class='ocrx_word' id='word_1_57' title='bbox 329 1041 421 1081; x_wconf 89' lang='lat' dir='ltr'>eorum</span> <span class='ocrx_word' id='word_1_58' title='bbox 441 1028 565 1082; x_wconf 90' lang='lat' dir='ltr'>dissertio</span> <span class='ocrx_word' id='word_1_59' title='bbox 584 1030 737 1082; x_wconf 87' lang='lat' dir='ltr'>necessaria</span> <span class='ocrx_word' id='word_1_60' title='bbox 757 1029 828 1094; x_wconf 90' lang='lat' dir='ltr'>quod</span> <span class='ocrx_word' id='word_1_61' title='bbox 846 1028 980 1094; x_wconf 73' lang='lat' dir='ltr'>iudaicam</span> <span class='ocrx_word' id='word_1_62' title='bbox 1004 1030 1142 1093; x_wconf 82' lang='lat' dir='ltr'>manifeste</span> <span class='ocrx_word' id='word_1_63' title='bbox 1165 1031 1302 1097; x_wconf 86' lang='lat' dir='ltr'>pertidiam</span> 
     </span>
     <span class='ocr_line' id='line_1_8' title="bbox 81 1116 1301 1184; baseline 0.005 -18"><span class='ocrx_word' id='word_1_64' title='bbox 81 1116 251 1182; x_wconf 82' lang='lat' dir='ltr'>inpugnaret,</span> <span class='ocrx_word' id='word_1_65' title='bbox 271 1119 348 1181; x_wconf 88' lang='lat' dir='ltr'>cujus</span> <span class='ocrx_word' id='word_1_66' title='bbox 368 1118 492 1170; x_wconf 90' lang='lat' dir='ltr'>nimirum</span> <span class='ocrx_word' id='word_1_67' title='bbox 514 1116 599 1182; x_wconf 81' lang='lat' dir='ltr'>gratia</span> <span class='ocrx_word' id='word_1_68' title='bbox 619 1121 646 1169; x_wconf 88' lang='lat' dir='ltr'>et</span> <span class='ocrx_word' id='word_1_69' title='bbox 666 1120 805 1170; x_wconf 85' lang='lat' dir='ltr'>veritatem</span> <span class='ocrx_word' id='word_1_70' title='bbox 826 1117 960 1170; x_wconf 87' lang='lat' dir='ltr'>occultare</span> <span class='ocrx_word' id='word_1_71' title='bbox 979 1121 1005 1170; x_wconf 92' lang='lat' dir='ltr'>et</span> <span class='ocrx_word' id='word_1_72' title='bbox 1025 1117 1138 1171; x_wconf 90' lang='lat' dir='ltr'>litteram</span> <span class='ocrx_word' id='word_1_73' title='bbox 1158 1119 1301 1184; x_wconf 88' lang='lat' dir='ltr'>depravare</span> 
     </span>
     <span class='ocr_line' id='line_1_9' title="bbox 80 1204 1302 1272; baseline 0.003 -18"><span class='ocrx_word' id='word_1_74' title='bbox 80 1204 217 1258; x_wconf 91' lang='lat' dir='ltr'>dicuutur.</span> <span class='ocrx_word' id='word_1_75' title='bbox 238 1204 381 1257; x_wconf 86' lang='lat' dir='ltr'>Sciendum</span> <span class='ocrx_word' id='word_1_76' title='bbox 400 1217 463 1269; x_wconf 81' lang='lat' dir='ltr'>ergo</span> <span class='ocrx_word' id='word_1_77' title='bbox 482 1209 601 1258; x_wconf 91' lang='lat' dir='ltr'>estesse</span> <span class='ocrx_word' id='word_1_78' title='bbox 622 1206 736 1272; x_wconf 92' lang='lat' dir='ltr'>quedam</span> <span class='ocrx_word' id='word_1_79' title='bbox 756 1208 783 1257; x_wconf 91' lang='lat' dir='ltr'>in</span> <span class='ocrx_word' id='word_1_80' title='bbox 803 1205 892 1258; x_wconf 88' lang='lat' dir='ltr'>latinis</span> <span class='ocrx_word' id='word_1_81' title='bbox 911 1206 1113 1272; x_wconf 88' lang='lat' dir='ltr'>codicibusque</span> <span class='ocrx_word' id='word_1_82' title='bbox 1128 1221 1183 1259; x_wconf 93' lang='lat' dir='ltr'>uou</span> <span class='ocrx_word' id='word_1_83' title='bbox 1204 1208 1302 1260; x_wconf 92' lang='lat' dir='ltr'>habeut</span> 
     </span>
     <span class='ocr_line' id='line_1_10' title="bbox 82 1292 1302 1362; baseline 0.002 -19"><span class='ocrx_word' id='word_1_84' title='bbox 82 1292 186 1357; x_wconf 85' lang='lat' dir='ltr'>liebrci,</span> <span class='ocrx_word' id='word_1_85' title='bbox 202 1296 230 1345; x_wconf 88' lang='lat' dir='ltr'>ut</span> <span class='ocrx_word' id='word_1_86' title='bbox 248 1296 288 1344; x_wconf 87' lang='lat' dir='ltr'>est</span> <span class='ocrx_word' id='word_1_87' title='bbox 303 1294 369 1345; x_wconf 88' lang='lat' dir='ltr'>iliud</span> <span class='ocrx_word' id='word_1_88' title='bbox 384 1295 412 1345; x_wconf 90' lang='lat' dir='ltr'>iu</span> <span class='ocrx_word' id='word_1_89' title='bbox 428 1295 520 1346; x_wconf 87' lang='lat' dir='ltr'>Genesi</span> <span class='ocrx_word' id='word_1_90' title='bbox 536 1312 543 1346; x_wconf 77' lang='grc' dir='ltr'><strong><em>ε</em></strong></span> <span class='ocrx_word' id='word_1_91' title='bbox 561 1294 639 1346; x_wconf 73' lang='lat' dir='ltr'>uicit</span> <span class='ocrx_word' id='word_1_92' title='bbox 654 1294 721 1345; x_wconf 77' lang='lat' dir='ltr'>Caio</span> <span class='ocrx_word' id='word_1_93' title='bbox 737 1295 773 1345; x_wconf 80' lang='lat' dir='ltr'>od</span> <span class='ocrx_word' id='word_1_94' title='bbox 786 1294 849 1345; x_wconf 77' lang='lat' dir='ltr'>roez</span> <span class='ocrx_word' id='word_1_95' title='bbox 858 1292 981 1356; x_wconf 76' lang='lat' dir='ltr'>fratrem</span> <span class='ocrx_word' id='word_1_96' title='bbox 993 1309 1075 1346; x_wconf 75' lang='lat' dir='ltr'>souin</span> <span class='ocrx_word' id='word_1_97' title='bbox 1087 1296 1106 1347; x_wconf 87' lang='lat'>¹.</span> <span class='ocrx_word' id='word_1_98' title='bbox 1126 1295 1198 1354; x_wconf 79' lang='lat' dir='ltr'>Quod</span> <span class='ocrx_word' id='word_1_99' title='bbox 1213 1298 1302 1362; x_wconf 85' lang='lat' dir='ltr'>sequi-</span> 
     </span>
     <span class='ocr_line' id='line_1_11' title="bbox 81 1382 1304 1453; baseline 0.004 -20"><span class='ocrx_word' id='word_1_100' title='bbox 81 1387 125 1433; x_wconf 91' lang='lat' dir='ltr'>tur</span> <span class='ocrx_word' id='word_1_101' title='bbox 140 1400 147 1434; x_wconf 91' lang='lat'><strong>:</strong></span> <span class='ocrx_word' id='word_1_102' title='bbox 162 1384 335 1445; x_wconf 76' lang='lat' dir='ltr'>eeredioniur</span> <span class='ocrx_word' id='word_1_103' title='bbox 343 1386 437 1448; x_wconf 81' lang='lat' dir='ltr'>soros,</span> <span class='ocrx_word' id='word_1_104' title='bbox 455 1382 482 1435; x_wconf 91' lang='lat' dir='ltr'>in</span> <span class='ocrx_word' id='word_1_105' title='bbox 496 1383 620 1436; x_wconf 86' lang='lat' dir='ltr'>hebraico</span> <span class='ocrx_word' id='word_1_106' title='bbox 635 1397 689 1435; x_wconf 93' lang='lat' dir='ltr'>uou</span> <span class='ocrx_word' id='word_1_107' title='bbox 709 1384 822 1436; x_wconf 91' lang='lat' dir='ltr'>babetur</span> <span class='ocrx_word' id='word_1_108' title='bbox 832 1383 851 1437; x_wconf 89' lang='lat'>².</span> <span class='ocrx_word' id='word_1_109' title='bbox 870 1384 910 1436; x_wconf 84' lang='lat' dir='ltr'>Sic</span> <span class='ocrx_word' id='word_1_110' title='bbox 925 1387 951 1436; x_wconf 90' lang='lat' dir='ltr'>et</span> <span class='ocrx_word' id='word_1_111' title='bbox 966 1384 1015 1436; x_wconf 86' lang='lat' dir='ltr'>alia</span> <span class='ocrx_word' id='word_1_112' title='bbox 1029 1385 1157 1450; x_wconf 87' lang='lat' dir='ltr'>plurima:</span> <span class='ocrx_word' id='word_1_113' title='bbox 1173 1398 1226 1451; x_wconf 89' lang='lat' dir='ltr'>que</span> <span class='ocrx_word' id='word_1_114' title='bbox 1245 1389 1304 1453; x_wconf 91' lang='lat' dir='ltr'>qui·</span> 
     </span>
     <span class='ocr_line' id='line_1_12' title="bbox 81 1471 1303 1538; baseline 0.003 -16"><span class='ocrx_word' id='word_1_115' title='bbox 81 1471 141 1523; x_wconf 91' lang='lat' dir='ltr'>dem</span> <span class='ocrx_word' id='word_1_116' title='bbox 157 1473 213 1524; x_wconf 86' lang='lat' dir='ltr'>sive</span> <span class='ocrx_word' id='word_1_117' title='bbox 228 1472 376 1524; x_wconf 80' lang='lat' dir='ltr'>ieronimus</span> <span class='ocrx_word' id='word_1_118' title='bbox 390 1473 418 1523; x_wconf 90' lang='lat' dir='ltr'>iu</span> <span class='ocrx_word' id='word_1_119' title='bbox 434 1473 492 1523; x_wconf 90' lang='lat' dir='ltr'>aliis</span> <span class='ocrx_word' id='word_1_120' title='bbox 507 1476 612 1537; x_wconf 90' lang='lat' dir='ltr'>reperta</span> <span class='ocrx_word' id='word_1_121' title='bbox 627 1471 848 1525; x_wconf 88' lang='lat' dir='ltr'>translaciouibus</span> <span class='ocrx_word' id='word_1_122' title='bbox 861 1474 889 1524; x_wconf 93' lang='lat' dir='ltr'>iu</span> <span class='ocrx_word' id='word_1_123' title='bbox 904 1486 954 1524; x_wconf 91' lang='lat' dir='ltr'>sua</span> <span class='ocrx_word' id='word_1_124' title='bbox 967 1475 1050 1525; x_wconf 91' lang='lat' dir='ltr'>eciam</span> <span class='ocrx_word' id='word_1_125' title='bbox 1066 1475 1230 1538; x_wconf 86' lang='lat' dir='ltr'>conexuerit,</span> <span class='ocrx_word' id='word_1_126' title='bbox 1247 1477 1303 1526; x_wconf 83' lang='lat' dir='ltr'>sive</span> 
     </span>
     <span class='ocr_line' id='line_1_13' title="bbox 82 1559 1303 1630; baseline 0.003 -18"><span class='ocrx_word' id='word_1_127' title='bbox 82 1561 115 1612; x_wconf 93' lang='lat' dir='ltr'>ab</span> <span class='ocrx_word' id='word_1_128' title='bbox 136 1559 198 1624; x_wconf 89' lang='lat' dir='ltr'>alio,</span> <span class='ocrx_word' id='word_1_129' title='bbox 221 1574 272 1612; x_wconf 90' lang='lat' dir='ltr'>usu</span> <span class='ocrx_word' id='word_1_130' title='bbox 295 1562 407 1627; x_wconf 91' lang='lat' dir='ltr'>pristino</span> <span class='ocrx_word' id='word_1_131' title='bbox 430 1561 596 1626; x_wconf 87' lang='lat' dir='ltr'>prevalente,</span> <span class='ocrx_word' id='word_1_132' title='bbox 621 1561 788 1627; x_wconf 91' lang='lat' dir='ltr'>postmodum</span> <span class='ocrx_word' id='word_1_133' title='bbox 807 1574 908 1614; x_wconf 82' lang='lat' dir='ltr'>conexa</span> <span class='ocrx_word' id='word_1_134' title='bbox 925 1563 989 1627; x_wconf 90' lang='lat' dir='ltr'>sint,</span> <span class='ocrx_word' id='word_1_135' title='bbox 1011 1564 1146 1627; x_wconf 89' lang='lat' dir='ltr'>nesciens,</span> <span class='ocrx_word' id='word_1_136' title='bbox 1169 1565 1231 1630; x_wconf 91' lang='lat' dir='ltr'>quia</span> <span class='ocrx_word' id='word_1_137' title='bbox 1253 1577 1303 1617; x_wconf 92' lang='lat' dir='ltr'>uec</span> 
     </span>
     <span class='ocr_line' id='line_1_14' title="bbox 83 1648 1304 1715; baseline 0.002 -15"><span class='ocrx_word' id='word_1_138' title='bbox 83 1662 166 1700; x_wconf 94' lang='lat' dir='ltr'>unum</span> <span class='ocrx_word' id='word_1_139' title='bbox 180 1648 305 1700; x_wconf 86' lang='lat' dir='ltr'>rolumeu</span> <span class='ocrx_word' id='word_1_140' title='bbox 320 1649 365 1701; x_wconf 91' lang='lat' dir='ltr'>ubi</span> <span class='ocrx_word' id='word_1_141' title='bbox 380 1661 435 1701; x_wconf 91' lang='lat' dir='ltr'>nou</span> <span class='ocrx_word' id='word_1_142' title='bbox 450 1648 599 1702; x_wconf 89' lang='lat' dir='ltr'>habeantur</span> <span class='ocrx_word' id='word_1_143' title='bbox 612 1651 688 1715; x_wconf 91' lang='lat' dir='ltr'>potul</span> <span class='ocrx_word' id='word_1_144' title='bbox 703 1651 829 1715; x_wconf 90' lang='lat' dir='ltr'>reperire,</span> <span class='ocrx_word' id='word_1_145' title='bbox 845 1662 879 1701; x_wconf 91' lang='lat' dir='ltr'>ne</span> <span class='ocrx_word' id='word_1_146' title='bbox 889 1663 941 1701; x_wconf 92' lang='lat' dir='ltr'>uon</span> <span class='ocrx_word' id='word_1_147' title='bbox 957 1652 1009 1702; x_wconf 92' lang='lat' dir='ltr'>tam</span> <span class='ocrx_word' id='word_1_148' title='bbox 1020 1649 1162 1715; x_wconf 74' lang='lat' dir='ltr'>depravata</span> <span class='ocrx_word' id='word_1_149' title='bbox 1172 1653 1304 1715; x_wconf 79' lang='lat' dir='ltr'>corrigere</span> 
     </span>
     <span class='ocr_line' id='line_1_15' title="bbox 82 1736 1304 1804; baseline 0.004 -18"><span class='ocrx_word' id='word_1_150' title='bbox 82 1749 162 1801; x_wconf 88' lang='lat' dir='ltr'>quam</span> <span class='ocrx_word' id='word_1_151' title='bbox 182 1749 250 1787; x_wconf 84' lang='lat' dir='ltr'>uoua</span> <span class='ocrx_word' id='word_1_152' title='bbox 268 1736 383 1789; x_wconf 88' lang='lat' dir='ltr'>condere</span> <span class='ocrx_word' id='word_1_153' title='bbox 402 1736 538 1789; x_wconf 85' lang='lat' dir='ltr'>volumina</span> <span class='ocrx_word' id='word_1_154' title='bbox 559 1738 709 1799; x_wconf 86' lang='lat' dir='ltr'>denotarer,</span> <span class='ocrx_word' id='word_1_155' title='bbox 732 1737 889 1790; x_wconf 88' lang='lat' dir='ltr'>subtrahere</span> <span class='ocrx_word' id='word_1_156' title='bbox 907 1750 961 1789; x_wconf 92' lang='lat' dir='ltr'>nou</span> <span class='ocrx_word' id='word_1_157' title='bbox 981 1740 1141 1804; x_wconf 90' lang='lat' dir='ltr'>presumpsi.</span> <span class='ocrx_word' id='word_1_158' title='bbox 1159 1739 1221 1791; x_wconf 87' lang='lat' dir='ltr'>lium</span> <span class='ocrx_word' id='word_1_159' title='bbox 1236 1742 1262 1791; x_wconf 88' lang='lat' dir='ltr'>ei</span> <span class='ocrx_word' id='word_1_160' title='bbox 1277 1741 1304 1791; x_wconf 94' lang='lat' dir='ltr'>in</span> 
     </span>
     <span class='ocr_line' id='line_1_16' title="bbox 84 1824 1304 1893; baseline 0.003 -18"><span class='ocrx_word' id='word_1_161' title='bbox 84 1825 126 1875; x_wconf 89' lang='lat' dir='ltr'>his</span> <span class='ocrx_word' id='word_1_162' title='bbox 146 1824 329 1876; x_wconf 89' lang='lat' dir='ltr'>tautummodo</span> <span class='ocrx_word' id='word_1_163' title='bbox 351 1825 491 1878; x_wconf 89' lang='lat' dir='ltr'>hebraicos</span> <span class='ocrx_word' id='word_1_164' title='bbox 512 1826 620 1878; x_wconf 90' lang='lat' dir='ltr'>codices</span> <span class='ocrx_word' id='word_1_165' title='bbox 641 1825 720 1878; x_wconf 89' lang='lat' dir='ltr'>michi</span> <span class='ocrx_word' id='word_1_166' title='bbox 739 1827 834 1877; x_wconf 89' lang='lat' dir='ltr'>censui</span> <span class='ocrx_word' id='word_1_167' title='bbox 854 1825 1043 1890; x_wconf 72' lang='lat' dir='ltr'>consulendos</span> <span class='ocrx_word' id='word_1_168' title='bbox 1064 1828 1092 1877; x_wconf 91' lang='lat' dir='ltr'>iu</span> <span class='ocrx_word' id='word_1_169' title='bbox 1106 1827 1205 1893; x_wconf 90' lang='lat' dir='ltr'>quibus</span> <span class='ocrx_word' id='word_1_170' title='bbox 1219 1830 1304 1879; x_wconf 90' lang='lat' dir='ltr'>nostri</span> 
     </span>
     <span class='ocr_line' id='line_1_17' title="bbox 84 1909 1306 1980; baseline 0.005 -19"><span class='ocrx_word' id='word_1_171' title='bbox 84 1913 175 1975; x_wconf 87' lang='lat' dir='ltr'>aperte</span> <span class='ocrx_word' id='word_1_172' title='bbox 189 1911 238 1963; x_wconf 88' lang='lat' dir='ltr'>sibi</span> <span class='ocrx_word' id='word_1_173' title='bbox 254 1909 367 1964; x_wconf 87' lang='lat' dir='ltr'>inuicem</span> <span class='ocrx_word' id='word_1_174' title='bbox 377 1912 562 1975; x_wconf 75' lang='lat' dir='ltr'>dissonarent,</span> <span class='ocrx_word' id='word_1_175' title='bbox 574 1916 600 1965; x_wconf 92' lang='lat' dir='ltr'>et</span> <span class='ocrx_word' id='word_1_176' title='bbox 611 1927 690 1980; x_wconf 87' lang='lat' dir='ltr'>quem</span> <span class='ocrx_word' id='word_1_177' title='bbox 704 1915 871 1976; x_wconf 80' lang='lat' dir='ltr'>contingeret</span> <span class='ocrx_word' id='word_1_178' title='bbox 883 1912 915 1964; x_wconf 90' lang='lat' dir='ltr'>dc</span> <span class='ocrx_word' id='word_1_179' title='bbox 926 1918 1077 1965; x_wconf 88' lang='lat' dir='ltr'>nostrorum</span> <span class='ocrx_word' id='word_1_180' title='bbox 1087 1915 1227 1967; x_wconf 91' lang='lat' dir='ltr'>innumera</span> <span class='ocrx_word' id='word_1_181' title='bbox 1238 1916 1306 1967; x_wconf 92' lang='lat' dir='ltr'>mul·</span> 
     </span>
     <span class='ocr_line' id='line_1_18' title="bbox 83 1999 1306 2068; baseline 0.003 -18"><span class='ocrx_word' id='word_1_182' title='bbox 83 1999 198 2053; x_wconf 89' lang='lat' dir='ltr'>titudine</span> <span class='ocrx_word' id='word_1_183' title='bbox 213 2000 372 2052; x_wconf 88' lang='lat' dir='ltr'>concordem</span> <span class='ocrx_word' id='word_1_184' title='bbox 387 2000 428 2053; x_wconf 91' lang='lat' dir='ltr'>his</span> <span class='ocrx_word' id='word_1_185' title='bbox 443 2002 566 2066; x_wconf 86' lang='lat' dir='ltr'>inveniri,</span> <span class='ocrx_word' id='word_1_186' title='bbox 582 2001 654 2054; x_wconf 92' lang='lat' dir='ltr'>hunc</span> <span class='ocrx_word' id='word_1_187' title='bbox 669 2004 838 2068; x_wconf 86' lang='lat' dir='ltr'>antiquorum</span> <span class='ocrx_word' id='word_1_188' title='bbox 854 2001 1077 2067; x_wconf 84' lang='lat' dir='ltr'>exemplariorum</span> <span class='ocrx_word' id='word_1_189' title='bbox 1092 2005 1233 2068; x_wconf 90' lang='lat' dir='ltr'>puritatem</span> <span class='ocrx_word' id='word_1_190' title='bbox 1250 2017 1306 2056; x_wconf 92' lang='lat' dir='ltr'>ser-</span> 
     </span>
     <span class='ocr_line' id='line_1_19' title="bbox 85 2087 1305 2158; baseline 0.002 -17"><span class='ocrx_word' id='word_1_191' title='bbox 85 2102 158 2153; x_wconf 85' lang='lat' dir='ltr'>rare,</span> <span class='ocrx_word' id='word_1_192' title='bbox 175 2093 314 2155; x_wconf 88' lang='lat' dir='ltr'>corruptos</span> <span class='ocrx_word' id='word_1_193' title='bbox 329 2092 418 2141; x_wconf 84' lang='lat' dir='ltr'>auteur</span> <span class='ocrx_word' id='word_1_194' title='bbox 431 2089 497 2141; x_wconf 90' lang='lat' dir='ltr'>alios</span> <span class='ocrx_word' id='word_1_195' title='bbox 509 2087 637 2156; x_wconf 87' lang='lat' dir='ltr'>judicavi,</span> <span class='ocrx_word' id='word_1_196' title='bbox 654 2093 716 2158; x_wconf 90' lang='lat' dir='ltr'>quia</span> <span class='ocrx_word' id='word_1_197' title='bbox 731 2094 756 2143; x_wconf 89' lang='lat' dir='ltr'>et</span> <span class='ocrx_word' id='word_1_198' title='bbox 778 2092 805 2141; x_wconf 90' lang='lat' dir='ltr'>in</span> <span class='ocrx_word' id='word_1_199' title='bbox 820 2091 1039 2155; x_wconf 90' lang='lat' dir='ltr'>corrupoiouibus</span> <span class='ocrx_word' id='word_1_200' title='bbox 1054 2092 1110 2144; x_wconf 89' lang='lat' dir='ltr'>lere</span> <span class='ocrx_word' id='word_1_201' title='bbox 1124 2091 1238 2156; x_wconf 81' lang='lat' dir='ltr'>singulis</span> <span class='ocrx_word' id='word_1_202' title='bbox 1252 2106 1305 2158; x_wconf 91' lang='lat' dir='ltr'>que</span> 
     </span>
     <span class='ocr_line' id='line_1_20' title="bbox 86 2177 1305 2246; baseline 0.002 -18"><span class='ocrx_word' id='word_1_203' title='bbox 86 2177 164 2228; x_wconf 88' lang='lat' dir='ltr'>luerit</span> <span class='ocrx_word' id='word_1_204' title='bbox 180 2178 361 2242; x_wconf 83' lang='lat' dir='ltr'>corrupoiouis</span> <span class='ocrx_word' id='word_1_205' title='bbox 377 2179 481 2230; x_wconf 87' lang='lat' dir='ltr'>occasio</span> <span class='ocrx_word' id='word_1_206' title='bbox 497 2178 671 2245; x_wconf 89' lang='lat' dir='ltr'>deprehendi.</span> <span class='ocrx_word' id='word_1_207' title='bbox 687 2181 741 2231; x_wconf 92' lang='lat' dir='ltr'>lloc</span> <span class='ocrx_word' id='word_1_208' title='bbox 756 2192 819 2244; x_wconf 80' lang='lat' dir='ltr'>ergo</span> <span class='ocrx_word' id='word_1_209' title='bbox 839 2178 915 2230; x_wconf 90' lang='lat' dir='ltr'>modo</span> <span class='ocrx_word' id='word_1_210' title='bbox 937 2179 1027 2230; x_wconf 89' lang='lat' dir='ltr'>studui</span> <span class='ocrx_word' id='word_1_211' title='bbox 1046 2180 1073 2230; x_wconf 91' lang='lat' dir='ltr'>in</span> <span class='ocrx_word' id='word_1_212' title='bbox 1088 2184 1216 2246; x_wconf 91' lang='lat' dir='ltr'>quantum</span> <span class='ocrx_word' id='word_1_213' title='bbox 1230 2181 1305 2246; x_wconf 93' lang='lat' dir='ltr'>potui</span> 
     </span>
     <span class='ocr_line' id='line_1_21' title="bbox 86 2267 1306 2334; baseline 0.002 -16"><span class='ocrx_word' id='word_1_214' title='bbox 86 2267 220 2333; x_wconf 90' lang='lat' dir='ltr'>supertlua</span> <span class='ocrx_word' id='word_1_215' title='bbox 236 2280 367 2334; x_wconf 88' lang='lat' dir='ltr'>resecare,</span> <span class='ocrx_word' id='word_1_216' title='bbox 385 2267 571 2320; x_wconf 78' lang='lat' dir='ltr'>transformata</span> <span class='ocrx_word' id='word_1_217' title='bbox 585 2268 730 2320; x_wconf 83' lang='lat' dir='ltr'>reformare</span> <span class='ocrx_word' id='word_1_218' title='bbox 744 2271 770 2320; x_wconf 91' lang='lat' dir='ltr'>et</span> <span class='ocrx_word' id='word_1_219' title='bbox 785 2281 817 2319; x_wconf 90' lang='lat' dir='ltr'>ea</span> <span class='ocrx_word' id='word_1_220' title='bbox 838 2267 965 2319; x_wconf 91' lang='lat' dir='ltr'>readdore</span> <span class='ocrx_word' id='word_1_221' title='bbox 981 2281 1032 2334; x_wconf 91' lang='lat' dir='ltr'>quo</span> <span class='ocrx_word' id='word_1_222' title='bbox 1047 2282 1062 2319; x_wconf 91' lang='lat' dir='ltr'>a</span> <span class='ocrx_word' id='word_1_223' title='bbox 1076 2269 1306 2334; x_wconf 88' lang='lat' dir='ltr'>presumptoribus</span> 
     </span>
     <span class='ocr_line' id='line_1_22' title="bbox 85 2355 1307 2423; baseline 0.002 -15"><span class='ocrx_word' id='word_1_224' title='bbox 85 2359 212 2422; x_wconf 90' lang='lat' dir='ltr'>tanquam</span> <span class='ocrx_word' id='word_1_225' title='bbox 227 2357 361 2423; x_wconf 89' lang='lat' dir='ltr'>supertlua</span> <span class='ocrx_word' id='word_1_226' title='bbox 376 2357 481 2409; x_wconf 84' lang='lat' dir='ltr'>fuerant</span> <span class='ocrx_word' id='word_1_227' title='bbox 497 2360 630 2422; x_wconf 90' lang='lat' dir='ltr'>amputata</span> <span class='ocrx_word' id='word_1_228' title='bbox 641 2357 662 2410; x_wconf 78' lang='lat'>³,</span> <span class='ocrx_word' id='word_1_229' title='bbox 680 2356 772 2408; x_wconf 82' lang='lat' dir='ltr'>Tribus</span> <span class='ocrx_word' id='word_1_230' title='bbox 791 2357 862 2408; x_wconf 90' lang='lat' dir='ltr'>euim</span> <span class='ocrx_word' id='word_1_231' title='bbox 876 2356 961 2408; x_wconf 87' lang='lat' dir='ltr'>modis</span> <span class='ocrx_word' id='word_1_232' title='bbox 981 2355 1067 2408; x_wconf 90' lang='lat' dir='ltr'>solent</span> <span class='ocrx_word' id='word_1_233' title='bbox 1085 2357 1247 2422; x_wconf 84' lang='lat' dir='ltr'>exemplaria</span> <span class='ocrx_word' id='word_1_234' title='bbox 1261 2359 1307 2410; x_wconf 93' lang='lat' dir='ltr'>de·</span> 
     </span>
     <span class='ocr_line' id='line_1_23' title="bbox 87 2445 940 2512; baseline 0.002 -17"><span class='ocrx_word' id='word_1_235' title='bbox 87 2447 201 2510; x_wconf 90' lang='lat' dir='ltr'>pravari,</span> <span class='ocrx_word' id='word_1_236' title='bbox 217 2446 383 2512; x_wconf 87' lang='lat' dir='ltr'>apponendo,</span> <span class='ocrx_word' id='word_1_237' title='bbox 401 2446 585 2499; x_wconf 91' lang='lat' dir='ltr'>commutando</span> <span class='ocrx_word' id='word_1_238' title='bbox 601 2448 627 2498; x_wconf 91' lang='lat' dir='ltr'>et</span> <span class='ocrx_word' id='word_1_239' title='bbox 641 2445 822 2498; x_wconf 90' lang='lat' dir='ltr'>subtrahendo</span> <span class='ocrx_word' id='word_1_240' title='bbox 827 2485 940 2498; x_wconf 91' lang='grc'><strong>.......</strong></span> 
     </span>
    </p>
   </div>
   <div class='ocr_carea' id='block_1_3' title="bbox 128 2599 1304 2683">
    <p class='ocr_par' dir='ltr' id='par_1_3' title="bbox 128 2599 1304 2683">
     <span class='ocr_line' id='line_1_24' title="bbox 128 2599 1304 2683; baseline 0.002 -22"><span class='ocrx_word' id='word_1_241' title='bbox 128 2599 239 2674; x_wconf 86' lang='lat' dir='ltr'>Quibus</span> <span class='ocrx_word' id='word_1_242' title='bbox 254 2601 368 2662; x_wconf 80' lang='lat' dir='ltr'>auxiliis</span> <span class='ocrx_word' id='word_1_243' title='bbox 384 2621 454 2663; x_wconf 90' lang='lat' dir='ltr'>usus</span> <span class='ocrx_word' id='word_1_244' title='bbox 469 2604 508 2663; x_wconf 91' lang='lat' dir='ltr'>sit</span> <span class='ocrx_word' id='word_1_245' title='bbox 523 2603 553 2662; x_wconf 92' lang='lat' dir='ltr'>in</span> <span class='ocrx_word' id='word_1_246' title='bbox 569 2602 628 2662; x_wconf 86' lang='lat' dir='ltr'>fine</span> <span class='ocrx_word' id='word_1_247' title='bbox 644 2602 823 2683; x_wconf 84' lang='lat' dir='ltr'>praesationis</span> <span class='ocrx_word' id='word_1_248' title='bbox 838 2601 884 2662; x_wconf 91' lang='lat' dir='ltr'>his</span> <span class='ocrx_word' id='word_1_249' title='bbox 903 2601 1001 2662; x_wconf 85' lang='lat' dir='ltr'>uerbis</span> <span class='ocrx_word' id='word_1_250' title='bbox 1021 2601 1132 2663; x_wconf 90' lang='lat' dir='ltr'>indicat</span> <span class='ocrx_word' id='word_1_251' title='bbox 1150 2601 1304 2664; x_wconf 86' lang='lat' dir='ltr'>Nicotaus:</span> 
     </span>
    </p>
   </div>
   <div class='ocr_carea' id='block_1_4' title="bbox 88 2753 1311 3444">
    <p class='ocr_par' dir='ltr' id='par_1_4' title="bbox 88 2753 1311 3444">
     <span class='ocr_line' id='line_1_25' title="bbox 125 2753 1308 2820; baseline 0.002 -15"><span class='ocrx_word' id='word_1_252' title='bbox 125 2755 199 2806; x_wconf 81' lang='lat' dir='ltr'>llec⁴</span> <span class='ocrx_word' id='word_1_253' title='bbox 215 2758 304 2807; x_wconf 89' lang='lat' dir='ltr'>tamen</span> <span class='ocrx_word' id='word_1_254' title='bbox 318 2769 398 2808; x_wconf 87' lang='lat' dir='ltr'>causa</span> <span class='ocrx_word' id='word_1_255' title='bbox 418 2756 475 2819; x_wconf 91' lang='lat' dir='ltr'>tibi,</span> <span class='ocrx_word' id='word_1_256' title='bbox 492 2755 640 2819; x_wconf 80' lang='lat' dir='ltr'>karissime,</span> <span class='ocrx_word' id='word_1_257' title='bbox 657 2756 734 2820; x_wconf 73' lang='lat' dir='ltr'>cuius</span> <span class='ocrx_word' id='word_1_258' title='bbox 755 2757 781 2806; x_wconf 94' lang='lat' dir='ltr'>in</span> <span class='ocrx_word' id='word_1_259' title='bbox 802 2754 942 2819; x_wconf 81' lang='lat' dir='ltr'>scripturis</span> <span class='ocrx_word' id='word_1_260' title='bbox 957 2753 1090 2805; x_wconf 89' lang='lat' dir='ltr'>laudabile</span> <span class='ocrx_word' id='word_1_261' title='bbox 1105 2768 1165 2805; x_wconf 91' lang='lat' dir='ltr'>sum</span> <span class='ocrx_word' id='word_1_262' title='bbox 1180 2757 1308 2820; x_wconf 87' lang='lat' dir='ltr'>expertus</span> 
     </span>
     <span class='ocr_line' id='line_1_26' title="bbox 89 2843 1310 2911; baseline -0.001 -16"><span class='ocrx_word' id='word_1_263' title='bbox 89 2846 235 2909; x_wconf 82' lang='lat' dir='ltr'>ingenium,</span> <span class='ocrx_word' id='word_1_264' title='bbox 251 2859 331 2911; x_wconf 92' lang='lat' dir='ltr'>quam</span> <span class='ocrx_word' id='word_1_265' title='bbox 347 2846 399 2896; x_wconf 86' lang='lat' dir='ltr'>mei</span> <span class='ocrx_word' id='word_1_266' title='bbox 414 2844 545 2897; x_wconf 89' lang='lat' dir='ltr'>similibus</span> <span class='ocrx_word' id='word_1_267' title='bbox 561 2843 652 2896; x_wconf 88' lang='lat' dir='ltr'>studui</span> <span class='ocrx_word' id='word_1_268' title='bbox 666 2843 844 2908; x_wconf 74' lang='lat' dir='ltr'>promulgare,</span> <span class='ocrx_word' id='word_1_269' title='bbox 861 2855 1031 2894; x_wconf 89' lang='lat' dir='ltr'>commonens</span> <span class='ocrx_word' id='word_1_270' title='bbox 1046 2855 1092 2894; x_wconf 90' lang='lat' dir='ltr'>eos</span> <span class='ocrx_word' id='word_1_271' title='bbox 1112 2844 1210 2908; x_wconf 89' lang='lat' dir='ltr'>pariter</span> <span class='ocrx_word' id='word_1_272' title='bbox 1224 2846 1250 2895; x_wconf 90' lang='lat' dir='ltr'>et</span> <span class='ocrx_word' id='word_1_273' title='bbox 1265 2843 1310 2894; x_wconf 93' lang='lat' dir='ltr'>ad-</span> 
     </span>
     <span class='ocr_line' id='line_1_27' title="bbox 88 2930 1310 3000; baseline -0.002 -15"><span class='ocrx_word' id='word_1_274' title='bbox 88 2937 181 3000; x_wconf 90' lang='lat' dir='ltr'>jurans</span> <span class='ocrx_word' id='word_1_275' title='bbox 197 2937 235 2999; x_wconf 90' lang='lat' dir='ltr'>ut,</span> <span class='ocrx_word' id='word_1_276' title='bbox 255 2934 359 3000; x_wconf 92' lang='lat' dir='ltr'>siquos</span> <span class='ocrx_word' id='word_1_277' title='bbox 375 2933 456 2985; x_wconf 90' lang='lat' dir='ltr'>libros</span> <span class='ocrx_word' id='word_1_278' title='bbox 471 2933 712 2998; x_wconf 86' lang='lat' dir='ltr'>transscripseriut,</span> <span class='ocrx_word' id='word_1_279' title='bbox 732 2945 794 2984; x_wconf 91' lang='lat' dir='ltr'>cum</span> <span class='ocrx_word' id='word_1_280' title='bbox 807 2931 955 2982; x_wconf 86' lang='lat' dir='ltr'>emendatis</span> <span class='ocrx_word' id='word_1_281' title='bbox 970 2930 1168 2995; x_wconf 83' lang='lat' dir='ltr'>exemplaribus</span> <span class='ocrx_word' id='word_1_282' title='bbox 1183 2943 1230 2982; x_wconf 90' lang='lat' dir='ltr'>cos</span> <span class='ocrx_word' id='word_1_283' title='bbox 1246 2944 1310 2983; x_wconf 93' lang='lat' dir='ltr'>con-</span> 
     </span>
     <span class='ocr_line' id='line_1_28' title="bbox 90 3019 1310 3087; baseline 0 -15"><span class='ocrx_word' id='word_1_284' title='bbox 90 3022 177 3073; x_wconf 86' lang='lat' dir='ltr'>terant</span> <span class='ocrx_word' id='word_1_285' title='bbox 197 3025 223 3074; x_wconf 95' lang='lat' dir='ltr'>et</span> <span class='ocrx_word' id='word_1_286' title='bbox 243 3021 395 3086; x_wconf 89' lang='lat' dir='ltr'>emendent,</span> <span class='ocrx_word' id='word_1_287' title='bbox 416 3034 466 3074; x_wconf 90' lang='lat' dir='ltr'>nec</span> <span class='ocrx_word' id='word_1_288' title='bbox 485 3024 539 3073; x_wconf 89' lang='lat' dir='ltr'>tam</span> <span class='ocrx_word' id='word_1_289' title='bbox 558 3021 668 3087; x_wconf 92' lang='lat' dir='ltr'>pulcros</span> <span class='ocrx_word' id='word_1_290' title='bbox 687 3020 770 3072; x_wconf 82' lang='lat' dir='ltr'>velint</span> <span class='ocrx_word' id='word_1_291' title='bbox 788 3020 887 3072; x_wconf 89' lang='lat' dir='ltr'>habere</span> <span class='ocrx_word' id='word_1_292' title='bbox 906 3019 1013 3071; x_wconf 88' lang='lat' dir='ltr'>codices</span> <span class='ocrx_word' id='word_1_293' title='bbox 1031 3032 1111 3085; x_wconf 87' lang='lat' dir='ltr'>quom</span> <span class='ocrx_word' id='word_1_294' title='bbox 1129 3033 1248 3072; x_wconf 84' lang='lat' dir='ltr'>veraces.</span> <span class='ocrx_word' id='word_1_295' title='bbox 1266 3021 1310 3072; x_wconf 91' lang='lat' dir='ltr'>llis</span> 
     </span>
     <span class='ocr_line' id='line_1_29' title="bbox 90 3108 1308 3176; baseline -0.002 -13"><span class='ocrx_word' id='word_1_296' title='bbox 90 3112 174 3164; x_wconf 90' lang='lat' dir='ltr'>eciam</span> <span class='ocrx_word' id='word_1_297' title='bbox 189 3113 300 3163; x_wconf 88' lang='lat' dir='ltr'>conatus</span> <span class='ocrx_word' id='word_1_298' title='bbox 313 3124 373 3162; x_wconf 92' lang='lat' dir='ltr'>sum</span> <span class='ocrx_word' id='word_1_299' title='bbox 388 3111 472 3175; x_wconf 91' lang='lat' dir='ltr'>primo</span> <span class='ocrx_word' id='word_1_300' title='bbox 486 3108 594 3176; x_wconf 87' lang='lat' dir='ltr'>quidem</span> <span class='ocrx_word' id='word_1_301' title='bbox 610 3109 760 3175; x_wconf 82' lang='lat' dir='ltr'>catalogum</span> <span class='ocrx_word' id='word_1_302' title='bbox 768 3112 780 3163; x_wconf 43' lang='lat'>,⁵</span> <span class='ocrx_word' id='word_1_303' title='bbox 799 3110 987 3161; x_wconf 89' lang='lat' dir='ltr'>canonicorum</span> <span class='ocrx_word' id='word_1_304' title='bbox 998 3109 1120 3161; x_wconf 90' lang='lat' dir='ltr'>ordinare</span> <span class='ocrx_word' id='word_1_305' title='bbox 1134 3110 1308 3173; x_wconf 84' lang='lat' dir='ltr'>voluminum,</span> 
     </span>
     <span class='ocr_line' id='line_1_30' title="bbox 91 3197 1308 3264; baseline 0 -13"><span class='ocrx_word' id='word_1_306' title='bbox 91 3198 187 3252; x_wconf 89' lang='lat' dir='ltr'>deinde</span> <span class='ocrx_word' id='word_1_307' title='bbox 206 3199 343 3251; x_wconf 88' lang='lat' dir='ltr'>nonnullis</span> <span class='ocrx_word' id='word_1_308' title='bbox 361 3213 453 3252; x_wconf 90' lang='lat' dir='ltr'>eorum</span> <span class='ocrx_word' id='word_1_309' title='bbox 471 3199 680 3259; x_wconf 81' lang='lat' dir='ltr'>difficultatibus,</span> <span class='ocrx_word' id='word_1_310' title='bbox 694 3212 767 3251; x_wconf 91' lang='lat' dir='ltr'>nuuc</span> <span class='ocrx_word' id='word_1_311' title='bbox 783 3197 852 3249; x_wconf 91' lang='lat' dir='ltr'>beati</span> <span class='ocrx_word' id='word_1_312' title='bbox 873 3199 996 3249; x_wconf 86' lang='lat' dir='ltr'>leronimi</span> <span class='ocrx_word' id='word_1_313' title='bbox 1010 3197 1053 3250; x_wconf 84' lang='lat' dir='ltr'>rel</span> <span class='ocrx_word' id='word_1_314' title='bbox 1068 3198 1179 3251; x_wconf 90' lang='lat' dir='ltr'>aliorum</span> <span class='ocrx_word' id='word_1_315' title='bbox 1193 3202 1308 3264; x_wconf 88' lang='lat' dir='ltr'>patrum,</span> 
     </span>
     <span class='ocr_line' id='line_1_31' title="bbox 92 3286 1311 3355; baseline -0.002 -14"><span class='ocrx_word' id='word_1_316' title='bbox 92 3303 164 3341; x_wconf 86' lang='lat' dir='ltr'>nuuc</span> <span class='ocrx_word' id='word_1_317' title='bbox 177 3289 271 3341; x_wconf 91' lang='lat' dir='ltr'>llebrei</span> <span class='ocrx_word' id='word_1_318' title='bbox 281 3302 334 3355; x_wconf 92' lang='lat' dir='ltr'>quo</span> <span class='ocrx_word' id='word_1_319' title='bbox 344 3288 488 3340; x_wconf 87' lang='lat' dir='ltr'>dissertore</span> <span class='ocrx_word' id='word_1_320' title='bbox 498 3292 568 3353; x_wconf 91' lang='lat' dir='ltr'>utor,</span> <span class='ocrx_word' id='word_1_321' title='bbox 585 3286 658 3355; x_wconf 88' lang='lat' dir='ltr'>[ope]</span> <span class='ocrx_word' id='word_1_322' title='bbox 671 3289 826 3341; x_wconf 91' lang='lat' dir='ltr'>historicum</span> <span class='ocrx_word' id='word_1_323' title='bbox 841 3287 1006 3339; x_wconf 91' lang='lat' dir='ltr'>solummodo</span> <span class='ocrx_word' id='word_1_324' title='bbox 1016 3287 1182 3341; x_wconf 90' lang='lat' dir='ltr'>intellectum</span> <span class='ocrx_word' id='word_1_325' title='bbox 1196 3288 1311 3341; x_wconf 86' lang='lat' dir='ltr'>breviter</span> 
     </span>
     <span class='ocr_line' id='line_1_32' title="bbox 93 3377 1093 3444; baseline -0.001 -14"><span class='ocrx_word' id='word_1_326' title='bbox 93 3380 298 3443; x_wconf 84' lang='lat' dir='ltr'>summatimque</span> <span class='ocrx_word' id='word_1_327' title='bbox 313 3379 495 3442; x_wconf 82' lang='lat' dir='ltr'>perstringere</span> <span class='ocrx_word' id='word_1_328' title='bbox 510 3381 535 3429; x_wconf 91' lang='lat' dir='ltr'>et</span> <span class='ocrx_word' id='word_1_329' title='bbox 551 3389 658 3444; x_wconf 88' lang='lat' dir='ltr'>queque</span> <span class='ocrx_word' id='word_1_330' title='bbox 673 3377 856 3443; x_wconf 86' lang='lat' dir='ltr'>corruptibilia</span> <span class='ocrx_word' id='word_1_331' title='bbox 870 3377 1040 3442; x_wconf 83' lang='lat' dir='ltr'>consignare.</span> <span class='ocrx_word' id='word_1_332' title='bbox 1052 3417 1057 3428; x_wconf 90' lang='lat'>.</span> <span class='ocrx_word' id='word_1_333' title='bbox 1069 3416 1093 3429; x_wconf 91' lang='lat'>..</span> 
     </span>
    </p>
   </div>
   <div class='ocr_carea' id='block_1_5' title="bbox 93 3531 1316 4200">
    <p class='ocr_par' dir='ltr' id='par_1_5' title="bbox 93 3531 1316 4200">
     <span class='ocr_line' id='line_1_33' title="bbox 132 3531 1313 3613; baseline -0.004 -17"><span class='ocrx_word' id='word_1_334' title='bbox 132 3534 301 3613; x_wconf 73' lang='lat' dir='ltr'>Hieronymi</span> <span class='ocrx_word' id='word_1_335' title='bbox 319 3534 495 3606; x_wconf 74' lang='lat' dir='ltr'>Oreostiooes</span> <span class='ocrx_word' id='word_1_336' title='bbox 508 3534 661 3593; x_wconf 77' lang='lat' dir='ltr'>hebreicae</span> <span class='ocrx_word' id='word_1_337' title='bbox 677 3534 710 3592; x_wconf 82' lang='lat' dir='ltr'>io</span> <span class='ocrx_word' id='word_1_338' title='bbox 726 3534 862 3594; x_wconf 81' lang='lat' dir='ltr'>Genesim</span> <span class='ocrx_word' id='word_1_339' title='bbox 884 3541 913 3593; x_wconf 88' lang='lat' dir='ltr'>ei</span> <span class='ocrx_word' id='word_1_340' title='bbox 927 3534 1067 3606; x_wconf 87' lang='lat' dir='ltr'>auctoris,</span> <span class='ocrx_word' id='word_1_341' title='bbox 1088 3532 1123 3593; x_wconf 89' lang='lat' dir='ltr'>de</span> <span class='ocrx_word' id='word_1_342' title='bbox 1144 3550 1200 3611; x_wconf 89' lang='lat' dir='ltr'>quo</span> <span class='ocrx_word' id='word_1_343' title='bbox 1220 3531 1313 3592; x_wconf 86' lang='lat' dir='ltr'>disse-</span> 
     </span>
     <span class='ocr_line' id='line_1_34' title="bbox 95 3627 1314 3711; baseline -0.003 -19"><span class='ocrx_word' id='word_1_344' title='bbox 95 3632 219 3707; x_wconf 91' lang='lat' dir='ltr'>ruimus,</span> <span class='ocrx_word' id='word_1_345' title='bbox 239 3632 416 3704; x_wconf 73' lang='lat' dir='ltr'>Qrieationes</span> <span class='ocrx_word' id='word_1_346' title='bbox 430 3630 583 3690; x_wconf 84' lang='lat' dir='ltr'>hebraicos</span> <span class='ocrx_word' id='word_1_347' title='bbox 599 3632 631 3689; x_wconf 86' lang='lat' dir='ltr'>io</span> <span class='ocrx_word' id='word_1_348' title='bbox 646 3630 737 3690; x_wconf 83' lang='lat' dir='ltr'>libror</span> <span class='ocrx_word' id='word_1_349' title='bbox 750 3630 861 3707; x_wconf 79' lang='lat' dir='ltr'>Requm</span> <span class='ocrx_word' id='word_1_350' title='bbox 876 3648 995 3711; x_wconf 90' lang='lat' dir='ltr'>semper</span> <span class='ocrx_word' id='word_1_351' title='bbox 1010 3631 1040 3690; x_wconf 92' lang='lat' dir='ltr'>in</span> <span class='ocrx_word' id='word_1_352' title='bbox 1056 3629 1211 3690; x_wconf 91' lang='lat' dir='ltr'>consilium</span> <span class='ocrx_word' id='word_1_353' title='bbox 1223 3627 1314 3689; x_wconf 87' lang='lat' dir='ltr'>oddu-</span> 
     </span>
     <span class='ocr_line' id='line_1_35' title="bbox 93 3726 1313 3806; baseline -0.004 -15"><span class='ocrx_word' id='word_1_354' title='bbox 93 3733 135 3792; x_wconf 90' lang='lat' dir='ltr'>cit</span> <span class='ocrx_word' id='word_1_355' title='bbox 154 3730 289 3790; x_wconf 87' lang='lat' dir='ltr'>Nicolaus</span> <span class='ocrx_word' id='word_1_356' title='bbox 312 3738 423 3802; x_wconf 90' lang='lat' dir='ltr'>noster,</span> <span class='ocrx_word' id='word_1_357' title='bbox 441 3737 470 3789; x_wconf 87' lang='lat' dir='ltr'>ot</span> <span class='ocrx_word' id='word_1_358' title='bbox 495 3729 534 3788; x_wconf 91' lang='lat' dir='ltr'>ita</span> <span class='ocrx_word' id='word_1_359' title='bbox 559 3729 689 3806; x_wconf 80' lang='lat' dir='ltr'>vestigiis</span> <span class='ocrx_word' id='word_1_360' title='bbox 712 3746 815 3788; x_wconf 89' lang='lat' dir='ltr'>eorum</span> <span class='ocrx_word' id='word_1_361' title='bbox 840 3729 950 3789; x_wconf 89' lang='lat' dir='ltr'>insistit</span> <span class='ocrx_word' id='word_1_362' title='bbox 971 3737 1004 3787; x_wconf 90' lang='lat' dir='ltr'>ut</span> <span class='ocrx_word' id='word_1_363' title='bbox 1027 3745 1146 3788; x_wconf 88' lang='lat' dir='ltr'>sonsum</span> <span class='ocrx_word' id='word_1_364' title='bbox 1168 3726 1313 3787; x_wconf 72' lang='lat' dir='ltr'>hebraicae</span> 
     </span>
     <span class='ocr_line' id='line_1_36' title="bbox 94 3824 1313 3907; baseline -0.002 -20"><span class='ocrx_word' id='word_1_365' title='bbox 94 3829 226 3888; x_wconf 76' lang='lat' dir='ltr'>vinitatis</span> <span class='ocrx_word' id='word_1_366' title='bbox 242 3828 406 3907; x_wconf 86' lang='lat' dir='ltr'>exprimere</span> <span class='ocrx_word' id='word_1_367' title='bbox 422 3825 549 3900; x_wconf 87' lang='lat' dir='ltr'>studeat,</span> <span class='ocrx_word' id='word_1_368' title='bbox 567 3834 597 3885; x_wconf 88' lang='lat' dir='ltr'>et</span> <span class='ocrx_word' id='word_1_369' title='bbox 612 3826 702 3885; x_wconf 88' lang='lat' dir='ltr'>multa</span> <span class='ocrx_word' id='word_1_370' title='bbox 718 3825 837 3905; x_wconf 90' lang='lat' dir='ltr'>quidem</span> <span class='ocrx_word' id='word_1_371' title='bbox 853 3844 908 3885; x_wconf 91' lang='lat' dir='ltr'>nec</span> <span class='ocrx_word' id='word_1_372' title='bbox 929 3824 1042 3884; x_wconf 81' lang='lat' dir='ltr'>inutilia</span> <span class='ocrx_word' id='word_1_373' title='bbox 1062 3842 1126 3903; x_wconf 82' lang='lat' dir='ltr'>qum</span> <span class='ocrx_word' id='word_1_374' title='bbox 1150 3824 1226 3903; x_wconf 85' lang='lat' dir='ltr'>apud</span> <span class='ocrx_word' id='word_1_375' title='bbox 1246 3842 1313 3884; x_wconf 89' lang='lat' dir='ltr'>eum</span> 
     </span>
     <span class='ocr_line' id='line_1_37' title="bbox 96 3921 1313 4003; baseline -0.003 -17"><span class='ocrx_word' id='word_1_376' title='bbox 96 3927 287 3987; x_wconf 87' lang='lat' dir='ltr'>inveniuntur</span> <span class='ocrx_word' id='word_1_377' title='bbox 301 3925 336 3985; x_wconf 90' lang='lat' dir='ltr'>ad</span> <span class='ocrx_word' id='word_1_378' title='bbox 353 3932 510 4002; x_wconf 89' lang='lat' dir='ltr'>utrumque</span> <span class='ocrx_word' id='word_1_379' title='bbox 526 3932 678 3984; x_wconf 85' lang='lat' dir='ltr'>auctorem</span> <span class='ocrx_word' id='word_1_380' title='bbox 698 3923 834 3984; x_wconf 86' lang='lat' dir='ltr'>redeunt.</span> <span class='ocrx_word' id='word_1_381' title='bbox 851 3921 907 3985; x_wconf 87' lang='lat' dir='ltr'>Sed</span> <span class='ocrx_word' id='word_1_382' title='bbox 931 3922 1021 3982; x_wconf 89' lang='lat' dir='ltr'>multa</span> <span class='ocrx_word' id='word_1_383' title='bbox 1042 3923 1129 3982; x_wconf 88' lang='lat' dir='ltr'>etiam</span> <span class='ocrx_word' id='word_1_384' title='bbox 1149 3922 1225 4003; x_wconf 90' lang='lat' dir='ltr'>apud</span> <span class='ocrx_word' id='word_1_385' title='bbox 1246 3940 1313 3983; x_wconf 92' lang='lat' dir='ltr'>eum</span> 
     </span>
     <span class='ocr_line' id='line_1_38' title="bbox 97 4018 1316 4103; baseline -0.004 -20"><span class='ocrx_word' id='word_1_386' title='bbox 97 4024 228 4103; x_wconf 86' lang='lat' dir='ltr'>reperies</span> <span class='ocrx_word' id='word_1_387' title='bbox 244 4040 308 4101; x_wconf 68' lang='lat' dir='ltr'>quur</span> <span class='ocrx_word' id='word_1_388' title='bbox 323 4023 481 4100; x_wconf 83' lang='lat' dir='ltr'>genuinam</span> <span class='ocrx_word' id='word_1_389' title='bbox 497 4023 628 4101; x_wconf 92' lang='lat' dir='ltr'>ipsorum</span> <span class='ocrx_word' id='word_1_390' title='bbox 649 4020 839 4083; x_wconf 71' lang='lat' dir='ltr'>Hebraeorum</span> <span class='ocrx_word' id='word_1_391' title='bbox 858 4020 1044 4081; x_wconf 81' lang='lat' dir='ltr'>traditionem</span> <span class='ocrx_word' id='word_1_392' title='bbox 1068 4018 1213 4096; x_wconf 75' lang='lat' dir='ltr'>redolent,</span> <span class='ocrx_word' id='word_1_393' title='bbox 1238 4020 1316 4079; x_wconf 90' lang='lat' dir='ltr'>inter</span> 
     </span>
     <span class='ocr_line' id='line_1_39' title="bbox 97 4117 464 4200; baseline -0.005 -20"><span class='ocrx_word' id='word_1_394' title='bbox 97 4137 162 4200; x_wconf 72' lang='lat' dir='ltr'>quoe</span> <span class='ocrx_word' id='word_1_395' title='bbox 177 4120 238 4180; x_wconf 71' lang='lat' dir='ltr'>hoec</span> <span class='ocrx_word' id='word_1_396' title='bbox 253 4118 357 4179; x_wconf 84' lang='lat' dir='ltr'>allerre</span> <span class='ocrx_word' id='word_1_397' title='bbox 372 4117 464 4179; x_wconf 87' lang='lat' dir='ltr'>libet:</span> 
     </span>
    </p>
   </div>
   <div class='ocr_carea' id='block_1_6' title="bbox 97 4314 312 4324">
    <p class='ocr_par' dir='ltr' id='par_1_6' title="bbox 97 4314 312 4324">
     <span class='ocr_line' id='line_1_40' title="bbox 97 4314 312 4324; baseline -0.009 0"><span class='ocrx_word' id='word_1_398' title='bbox 97 4314 312 4324; x_wconf 65' lang='lat' dir='ltr'>n———n</span> 
     </span>
    </p>
   </div>
   <div class='ocr_carea' id='block_1_7' title="bbox 102 4443 1316 4861">
    <p class='ocr_par' dir='ltr' id='par_1_7' title="bbox 139 4443 331 4495">
     <span class='ocr_line' id='line_1_41' title="bbox 139 4443 331 4495; baseline 0.005 -2"><span class='ocrx_word' id='word_1_399' title='bbox 139 4445 159 4495; x_wconf 91' lang='lat' dir='ltr'>t.</span> <span class='ocrx_word' id='word_1_400' title='bbox 180 4443 239 4495; x_wconf 82' lang='lat' dir='ltr'>Gru.</span> <span class='ocrx_word' id='word_1_401' title='bbox 259 4458 291 4495; x_wconf 83' lang='lat' dir='ltr'>rr.</span> <span class='ocrx_word' id='word_1_402' title='bbox 309 4447 331 4494; x_wconf 89' lang='lat'>8.</span> 
     </span>
    </p>

    <p class='ocr_par' dir='ltr' id='par_1_8' title="bbox 102 4502 1316 4650">
     <span class='ocr_line' id='line_1_42' title="bbox 136 4502 1316 4580; baseline 0.002 -14"><span class='ocrx_word' id='word_1_403' title='bbox 136 4519 159 4566; x_wconf 71' lang='lat'>2.</span> <span class='ocrx_word' id='word_1_404' title='bbox 177 4515 233 4565; x_wconf 70' lang='lat' dir='ltr'>llaec</span> <span class='ocrx_word' id='word_1_405' title='bbox 249 4502 333 4578; x_wconf 81' lang='lat' dir='ltr'>rerba,</span> <span class='ocrx_word' id='word_1_406' title='bbox 355 4527 409 4578; x_wconf 75' lang='lat' dir='ltr'>quie</span> <span class='ocrx_word' id='word_1_407' title='bbox 430 4516 454 4565; x_wconf 93' lang='lat' dir='ltr'>iu</span> <span class='ocrx_word' id='word_1_408' title='bbox 475 4517 544 4566; x_wconf 81' lang='lat' dir='ltr'>tortu</span> <span class='ocrx_word' id='word_1_409' title='bbox 563 4516 709 4565; x_wconf 87' lang='lat' dir='ltr'>urosoretico</span> <span class='ocrx_word' id='word_1_410' title='bbox 728 4515 908 4580; x_wconf 83' lang='lat' dir='ltr'>desiderantur,</span> <span class='ocrx_word' id='word_1_411' title='bbox 926 4518 1027 4567; x_wconf 86' lang='lat' dir='ltr'>tuentur</span> <span class='ocrx_word' id='word_1_412' title='bbox 1045 4518 1123 4566; x_wconf 90' lang='lat' dir='ltr'>testes</span> <span class='ocrx_word' id='word_1_413' title='bbox 1141 4516 1278 4579; x_wconf 76' lang='lat' dir='ltr'>gravissimi</span> <span class='ocrx_word' id='word_1_414' title='bbox 1293 4521 1316 4568; x_wconf 88' lang='lat' dir='ltr'>et</span> 
     </span>
     <span class='ocr_line' id='line_1_43' title="bbox 102 4587 359 4650; baseline 0 -14"><span class='ocrx_word' id='word_1_415' title='bbox 102 4587 173 4637; x_wconf 88' lang='lat' dir='ltr'>iidem</span> <span class='ocrx_word' id='word_1_416' title='bbox 189 4587 359 4650; x_wconf 85' lang='lat' dir='ltr'>antiquissimi.</span> 
     </span>
    </p>

    <p class='ocr_par' dir='ltr' id='par_1_9' title="bbox 138 4656 466 4721">
     <span class='ocr_line' id='line_1_44' title="bbox 138 4656 466 4721; baseline 0 -13"><span class='ocrx_word' id='word_1_417' title='bbox 138 4662 161 4708; x_wconf 84' lang='lat'>3.</span> <span class='ocrx_word' id='word_1_418' title='bbox 181 4656 260 4709; x_wconf 82' lang='lat' dir='ltr'>Codex</span> <span class='ocrx_word' id='word_1_419' title='bbox 278 4672 283 4706; x_wconf 89' lang='lat'>:</span> <span class='ocrx_word' id='word_1_420' title='bbox 300 4659 348 4706; x_wconf 86' lang='lat' dir='ltr'>out</span> <span class='ocrx_word' id='word_1_421' title='bbox 358 4658 466 4721; x_wconf 85' lang='lat' dir='ltr'>putato.</span> 
     </span>
    </p>

    <p class='ocr_par' dir='ltr' id='par_1_10' title="bbox 137 4727 307 4779">
     <span class='ocr_line' id='line_1_45' title="bbox 137 4727 307 4779; baseline 0.006 -1"><span class='ocrx_word' id='word_1_422' title='bbox 137 4730 161 4778; x_wconf 46' lang='lat' dir='ltr'>i,</span> <span class='ocrx_word' id='word_1_423' title='bbox 180 4727 229 4778; x_wconf 84' lang='lat' dir='ltr'>Ful.</span> <span class='ocrx_word' id='word_1_424' title='bbox 251 4729 307 4779; x_wconf 81' lang='lat' dir='ltr'>tlt.</span> 
     </span>
    </p>

    <p class='ocr_par' dir='ltr' id='par_1_11' title="bbox 138 4799 453 4861">
     <span class='ocr_line' id='line_1_46' title="bbox 138 4799 453 4861; baseline 0.01 -13"><span class='ocrx_word' id='word_1_425' title='bbox 138 4801 161 4849; x_wconf 89' lang='lat'>5.</span> <span class='ocrx_word' id='word_1_426' title='bbox 180 4799 257 4850; x_wconf 81' lang='lat' dir='ltr'>Codex</span> <span class='ocrx_word' id='word_1_427' title='bbox 276 4815 280 4847; x_wconf 90' lang='lat'>:</span> <span class='ocrx_word' id='word_1_428' title='bbox 298 4800 453 4861; x_wconf 76' lang='lat' dir='ltr'>ocloloqom.</span> 
     </span>
    </p>
   </div>
   <div class='ocr_carea' id='block_1_8' title="bbox 0 0 1617 5580">
    <p class='ocr_par' dir='ltr' id='par_1_12' title="bbox 0 0 1617 5580">
     <span class='ocr_line' id='line_1_47' title="bbox 0 0 1617 5580; baseline 0 0"><span class='ocrx_word' id='word_1_429' title='bbox 0 0 1617 5580; x_wconf 95' lang='lat' dir='ltr'> </span> 
     </span>
    </p>
   </div>
  </div>
 </body>
</html>
