3180 5580
643 835 760 908 PARS
786 834 955 908 TERTIA

547 1085 592 1136 ot
612 1085 745 1139 scitota
765 1083 885 1137 eonfiat
907 1081 1051 1135 oacortts

745 1298 851 1310 unu—u-

602 1592 819 1660 ChPlTULUll
844 1592 992 1659 PRIMUM

252 1851 295 1901 bi:
317 1853 551 1902 dohancatohh
576 1853 687 1901 ShCllAE
713 1853 899 1900 SCRIPTURAE
924 1850 1097 1900 sedulitati
1122 1847 1285 1898 Luoot'tco
1310 1849 1342 1896 tx

383 1968 521 2016 Paatstls
546 1968 578 2014 IN
604 1966 724 2014 oabtnu
751 1966 1013 2015 t’mssntcaronuu
1037 1964 1214 2013 trtsrtrurh

228 2184 301 2245 Cum
313 2187 486 2246 universitas
503 2187 670 2265 parisiensis
686 2187 806 2245 ineunte
822 2184 929 2244 saeculo
945 2200 997 2243 nur
1017 2185 1176 2242 constituta
1195 2188 1285 2256 osset,
1307 2200 1413 2262 expos-

190 2280 299 2339 tulabat
315 2283 375 2360 ipsa
392 2282 555 2341 studiorum
573 2284 645 2341 ratio
661 2290 694 2342 ut
707 2280 873 2357 legentibus
888 2289 915 2339 ct
940 2277 1127 2340 audientibus
1143 2281 1224 2357 quasi
1244 2279 1411 2339 scholastici

189 2376 255 2436 libri
271 2377 485 2456 praeberentur,
503 2379 536 2438 ad
555 2397 628 2456 quos
643 2377 766 2438 velutad
783 2379 988 2437 auctoritatem
1005 2378 1155 2455 provocari
1175 2383 1284 2456 posset.
1302 2374 1359 2437 Sed
1375 2394 1411 2435 ca

189 2481 251 2532 crat
275 2473 331 2532 illis
362 2475 543 2554 temporibus
563 2474 705 2534 librorum
736 2492 886 2534 sacrorum
911 2473 1064 2533 diversitas
1088 2480 1131 2548 ut,
1161 2471 1411 2551 quemadmodum

187 2577 272 2629 aetato
289 2570 472 2650 Hieronymi,
492 2562 573 2650 paene
591 2577 633 2630 tot
650 2570 825 2651 exemplaria
840 2577 910 2649 quot
926 2570 1042 2630 codices
1057 2569 1295 2630 adcssedieercs.
1308 2567 1411 2647 Neque

187 2664 223 2724 de
239 2667 302 2745 ipso
319 2673 398 2726 textu
415 2686 498 2727 sacro
514 2669 583 2727 satis
599 2666 760 2741 constabat,
773 2687 868 2746 neque
880 2667 915 2726 dc
932 2667 1034 2726 ordine
1050 2665 1192 2726 librorum
1204 2665 1308 2725 divinae
1322 2664 1408 2741 legiS,

186 2780 282 2841 neque
306 2763 341 2822 de
372 2765 406 2824 iis
433 2765 461 2823 in
486 2783 550 2843 quae
576 2767 629 2844 ipsi
654 2764 720 2824 libri
746 2763 950 2824 dividebantur
979 2762 1123 2842 capitulis.
1150 2762 1221 2824 Cum
1247 2763 1346 2822 omnia
1369 2764 1411 2822 ita

187 2861 275 2921 mixta
291 2870 401 2937 esseut,
419 2862 474 2922 hoc
489 2864 671 2923 universitati
687 2880 764 2922 cunc
781 2880 845 2921 esse
861 2859 998 2936 debebat,
1016 2869 1047 2920 ut
1063 2858 1211 2939 exemplar
1222 2878 1313 2918 unum
1324 2860 1411 2918 insti-

187 2965 331 3032 tueretur,
348 2978 405 3038 quo
427 2959 515 3019 veluti
537 2960 714 3019 documento
735 2959 876 3018 docentes
896 2957 982 3017 simul
1005 2966 1034 3016 et
1055 2957 1208 3018 studentes
1228 2957 1407 3016 niterentur.

185 3053 242 3116 Sed
258 3055 312 3115 hoc
328 3075 422 3135 neque
446 3058 620 3116 universitas
642 3058 703 3135 ipsa
719 3052 834 3135 publice
851 3054 994 3113 excudere
1018 3061 1144 3132 poterat,
1168 3071 1263 3132 neque
1278 3071 1409 3132 unquam

185 3149 304 3211 decreto
320 3162 453 3212 sanctum
470 3161 515 3212 cst
531 3159 562 3212 ut
577 3170 650 3210 nova
666 3151 754 3210 editio
771 3149 805 3208 ah
822 3148 959 3209 omnibus
979 3157 1180 3229 usurparetur.

225 3247 377 3325 hilogero
393 3249 519 3323 Bacone,
537 3266 613 3307 anno
631 3246 706 3307 thot
723 3244 883 3319 scribente,
901 3245 1035 3305 audimus
1051 3245 1187 3325 aquibus
1203 3246 1293 3308 editio
1309 3265 1410 3309 sacro·

184 3362 249 3404 rum
265 3344 427 3406 bibliorum
443 3347 611 3426 parisiensis
628 3345 802 3405 concinnata
814 3345 869 3403 sit:

218 3517 280 3568 Nam
290 3518 360 3568 eirca
371 3517 545 3583 quadraginta
557 3529 640 3568 annos
655 3516 731 3568 multi
747 3516 861 3581 theologi
878 3517 974 3568 initniti
984 3520 1010 3568 ct
1021 3517 1167 3568 stationarii
1183 3515 1297 3567 Parisius
1311 3528 1408 3581 parum

182 3606 303 3657 videntes
323 3606 374 3657 hoc
395 3608 591 3670 proposuerunt
612 3605 755 3670 exemptor,
775 3605 897 3664 Quicum
917 3605 1045 3657 illitterati
1066 3604 1165 3656 luerint
1179 3608 1204 3656 et
1222 3606 1335 3667 uxorati,
1351 3616 1408 3655 nou

182 3698 307 3746 derrantes
322 3707 372 3745 nec
386 3695 503 3745 scientes
518 3696 634 3758 cogitare
649 3695 681 3746 de
698 3695 807 3745 veritate
822 3697 912 3746 textus
929 3696 1008 3762 sacri,
1025 3696 1223 3759 proposuerunt
1241 3692 1406 3759 exemplaria

182 3781 285 3844 vitiosa,
303 3785 329 3833 et
344 3783 486 3846 scriptores
502 3782 596 3832 induiti
613 3782 770 3833 addiderunt
786 3781 817 3832 ad
833 3783 1032 3846 corruptionem
1046 3780 1143 3831 multas
1159 3782 1319 3832 mutationes
1333 3783 1353 3833 ¹.

222 3935 320 3997 lnnuit
336 3957 404 4015 ergo
419 3938 550 4015 Rogerus
566 3938 726 3998 editionem
739 3939 930 4018 parisiensem
943 3939 1018 3997 circa
1031 3939 1111 3998 initia
1123 3939 1205 4015 regni
1217 3937 1354 3998 Ludovici
1367 3937 1407 3998 IX

182 4033 344 4093 institutam
365 4053 440 4109 esso,
463 4053 558 4113 neque
579 4034 781 4094 infitiabimur.
803 4034 875 4094 ham
896 4034 1134 4113 antiquissimum
1155 4052 1257 4094 eorum
1279 4051 1407 4113 quorum

181 4130 314 4189 notitiam
332 4130 472 4191 habemus
488 4131 731 4211 exemplariorum
748 4130 853 4210 quibus
864 4131 997 4190 hodierni
1015 4131 1210 4211 capitulorum
1226 4132 1344 4191 numeri
1361 4132 1409 4191 in-

181 4225 351 4287 scribuntur
366 4237 464 4288 notam
482 4229 539 4303 lert
555 4231 623 4287 unni
641 4229 712 4289 liat
727 4234 747 4302 ¹,
762 4236 790 4287 et
806 4229 897 4308 probe
913 4231 1047 4289 novimus
1063 4227 1243 4307 Stephanum
1262 4228 1405 4305 honglon,

180 4323 386 4384 cancellarium
409 4328 599 4403 parisiensem
616 4335 646 4385 et
662 4326 798 4385 eumdem
822 4336 921 4405 postea
942 4328 1195 4406 archiepiscopum
1217 4327 1408 4386 cantuarien-

179 4488 394 4501 —-

219 4594 240 4643 l.
258 4593 446 4657 corripendum
463 4595 560 4657 studii,
577 4596 616 4645 ed.
636 4594 657 4642 l.
681 4594 704 4644 S.
722 4592 820 4660 Brever,
837 4610 859 4658 p.
879 4599 939 4646 333.
962 4593 1049 4645 Eadem
1069 4597 1185 4657 teguntur
1205 4597 1229 4647 iu
1250 4594 1353 4657 epistola
1372 4597 1404 4645 ad

181 4663 326 4715 Gleuroutem
338 4679 424 4727 papiam
440 4665 478 4729 tv,
495 4681 534 4729 up.
554 4667 581 4715 ll.
600 4667 677 4728 llody.
699 4680 721 4727 p.
741 4668 800 4716 tat.

217 4739 240 4787 ς2,
258 4735 336 4786 Codex
352 4735 411 4786 lliht.
429 4736 516 4787 hiatur.
535 4738 566 4786 aa
585 4732 661 4789 literne
678 4736 715 4797 il.
732 4735 868 4788 caritonis
884 4738 1001 4800 scriptus.
