3180 5580
435 492 473 534 oe
495 490 704 534 conaccrrose
728 490 905 536 rlnrsrausr.
1246 475 1282 537 ei

60 625 137 683 sem,
167 623 272 667 noram
302 606 498 686 capitulorum
517 607 691 667 divisionem
720 609 937 685 excogitarisse.
954 605 1018 668 Non
1037 616 1134 668 tamen
1150 625 1284 668 asserere

59 703 205 763 audemus
228 702 307 762 illam
329 720 394 781 quae
414 701 640 782 procurantibus
661 704 859 764 universitatis
881 705 1000 765 asseclis
1023 705 1153 781 evulgata
1175 712 1219 765 est
1240 722 1286 764 sa-

59 816 181 860 crorum
203 796 364 860 Bibliorum
386 799 547 859 editionem
567 816 601 859 ex
621 797 807 858 librariorum
826 800 1032 879 parisiensium
1048 801 1211 879 scriptoriis
1226 809 1285 860 sta-

61 895 115 953 tim
131 895 214 973 quasi
230 895 403 956 instructam
425 903 456 953 et
478 896 621 954 munitam
638 896 753 955 exiisse.
777 893 849 955 Cum
874 896 953 955 enim
974 904 1157 975 compertum
1179 894 1286 956 habea·

60 1009 129 1051 mus
145 1009 194 1052 eas
209 1009 274 1071 quae
290 1010 357 1051 cum
373 992 502 1052 editione
513 993 668 1072 parisiensi
680 992 790 1052 iaciunt
807 993 1064 1073 interpretationes
1075 1011 1151 1053 anno
1162 993 1283 1053 demum

60 1088 142 1149 l23l
160 1090 191 1148 in
211 1107 318 1170 corpus
342 1089 475 1150 redactas
500 1107 576 1165 esse,
599 1097 716 1150 etcum
745 1091 914 1150 noverimus
942 1090 1005 1149 leve
1033 1090 1193 1151 discrimen
1219 1108 1284 1150 esse

60 1186 141 1245 inter
156 1194 267 1246 textum
282 1188 331 1265 qui
354 1185 389 1246 ab
412 1189 601 1247 universitate
625 1188 731 1247 dicitur
753 1194 781 1248 et
797 1207 864 1248 eum
888 1190 937 1266 qui
960 1189 1080 1247 ineunte
1102 1188 1209 1247 saeculo
1232 1204 1285 1246 xru

60 1282 184 1343 Parisiis
214 1282 490 1360 circumferebatur,
521 1284 682 1344 editionem
714 1293 843 1345 nostram
868 1285 1060 1362 conjiciemus
1086 1285 1225 1365 paulatim
1251 1303 1285 1343 ex

61 1378 213 1459 prioribus
229 1383 404 1455 excrevisse,
422 1380 473 1442 sed
490 1382 575 1461 paulo
592 1390 658 1461 post
673 1400 780 1442 anniam
799 1382 877 1442 leot
893 1400 957 1441 ream
973 1401 1059 1461 quam
1076 1382 1176 1441 moltis
1192 1398 1285 1442 secu-

60 1476 99 1535 lis
117 1478 211 1536 tenuit
226 1477 353 1537 sormam
369 1476 547 1539 obtinuisse.

103 1572 145 1633 oe
163 1582 243 1634 textu
257 1576 414 1654 parisiensi
431 1584 460 1634 et
475 1575 511 1635 de
528 1575 763 1636 correctionibus
780 1577 844 1653 ejus
860 1575 1023 1635 audiendus
1038 1577 1138 1638 Raco:

99 1725 161 1778 Nam
181 1729 271 1780 textus
292 1732 334 1781 est
353 1741 400 1793 pro
421 1730 512 1794 maJori
532 1733 607 1795 parte
621 1733 764 1796 corruptus
784 1729 944 1781 horribiliter
963 1731 991 1780 in
1007 1730 1153 1794 exemplari
1167 1729 1285 1794 vulgato,

60 1812 114 1866 lroc
129 1816 171 1866 est
185 1816 336 1880 parisiensi.
351 1815 379 1868 bt
401 1816 447 1867 ubi
465 1815 611 1869 nonhabet
629 1818 835 1882 corruptionem,
855 1816 934 1868 habet
952 1820 1039 1868 tamen
1058 1818 1284 1870 dubitationem...

60 1904 89 1953 et
105 1901 163 1955 haec
177 1902 306 1956 dubitatio
320 1906 441 1956 nascitur
455 1918 488 1956 ex
500 1907 672 1957 contentione
681 1908 872 1964 correctorum,
889 1906 935 1971 qui
950 1909 1014 1970 quot
1031 1910 1094 1957 sunt
1108 1904 1225 1958 lectores
1239 1917 1287 1970 per

60 1989 201 2055 mundum,
222 1994 260 2043 tot
280 1995 342 2043 sunt
361 1997 536 2057 correctores,
559 2006 606 2045 seu
627 1990 710 2056 magis
730 1998 935 2058 corruptores...
959 1993 1019 2044 llam
1036 1993 1147 2058 quilibet
1162 1994 1245 2044 lector
1259 1993 1286 2043 in
1373 2003 1385 2025 ·

60 2077 157 2130 ordine
171 2078 304 2131 minorum
318 2081 428 2144 corrigit
442 2083 472 2132 ut
487 2079 554 2145 vult,
572 2082 598 2130 et
614 2070 735 2131 similiter
755 2080 824 2145 opud
845 2080 1041 2146 predicatores
1059 2083 1084 2131 et
1101 2081 1193 2132 eodem
1208 2081 1286 2131 modo

60 2165 216 2232 saeculares,
228 2169 254 2218 el
264 2167 377 2234 quilibet
391 2170 475 2220 mutat
485 2168 556 2234 qnod
572 2180 624 2219 non
634 2167 757 2231 intelligit
765 2184 771 2228 ;
785 2167 856 2233 quod
867 2180 919 2218 non
930 2168 993 2219 licet
1004 2169 1031 2218 in
1045 2168 1121 2219 libris
1135 2171 1283 2232 poetarum.

60 2255 114 2305 Sed
132 2255 321 2320 predicatores
340 2257 454 2308 maxime
473 2256 675 2308 intromiserunt
694 2270 723 2307 se
743 2256 776 2306 de
796 2256 845 2307 bac
861 2258 1036 2319 correctione,
1052 2257 1145 2320 etjam
1164 2259 1226 2306 sunt
1241 2255 1287 2305 xx

60 2343 126 2394 anni
147 2345 174 2394 et
193 2342 295 2409 plures,
316 2345 386 2410 quod
405 2347 634 2410 presumpserunt
654 2345 741 2395 lacere
761 2358 836 2395 suam
855 2346 1058 2407 correctionem,
1079 2347 1105 2394 et
1127 2344 1286 2408 redegerunt

60 2443 121 2482 eam
135 2432 163 2481 in
178 2430 293 2497 scriptis,
311 2431 361 2483 Sed
375 2434 467 2498 postea
482 2433 603 2484 lecerunt
615 2432 692 2484 aliam
703 2433 736 2483 ad
751 2431 965 2497 reprobationem
979 2431 1062 2496 illino,
1074 2434 1100 2482 ct
1116 2431 1192 2483 modo
1207 2431 1288 2483 racil-

60 2517 119 2569 lant
135 2516 196 2583 plus
211 2531 291 2584 quam
305 2518 359 2581 alii,
378 2521 530 2572 nescientes
547 2519 591 2570 ubi
606 2519 659 2570 sint
669 2521 714 2572 ¹...

104 2671 199 2749 ldem,
217 2674 247 2733 in
265 2674 356 2751 Opere
371 2677 480 2751 mojori
491 2695 501 2735 .·

99 2824 173 2880 Unde
187 2839 250 2879 oum
264 2828 297 2880 ad
312 2827 453 2881 duodecim
469 2840 552 2880 annos
571 2813 758 2894 predicatores
778 2828 938 2892 redegerunt
954 2828 1146 2879 correctionem
1160 2829 1187 2878 in
1202 2826 1286 2892 Scrip-

62 2916 143 2977 turis,
163 2917 220 2981 jam
233 2919 365 2968 venerunt
383 2917 427 2968 alii
443 2919 469 2968 et
488 2929 582 2967 noram
596 2916 785 2967 ordinaverunt
801 2915 1002 2977 correctionem,
1018 2927 1078 2979 quae
1092 2915 1210 2965 continet
1225 2912 1287 2977 plus

61 3002 205 3055 medietate
220 3005 301 3055 unius
313 3002 412 3068 bibliae,
429 3006 455 3055 et
476 3007 538 3070 qnia
553 3005 643 3055 rident
658 3017 687 3054 se
702 3017 806 3056 errasse
826 3005 853 3054 in
869 3005 977 3069 antiqua
992 3003 1167 3066 correctione,
1181 3004 1235 3067 jam
1249 3002 1287 3053 ie-

66 3093 164 3143 cerunt
178 3092 278 3143 statuta
292 3091 364 3158 quod
378 3092 470 3143 nullus
485 3094 508 3143 ei
525 3092 657 3144 adhaereat
669 3091 689 3144 ².

104 3244 176 3317 Quae
192 3246 289 3305 omnia
308 3245 459 3306 ulmellos
482 3247 708 3326 perspiciamus,
725 3245 760 3305 ad
785 3247 856 3306 Acta
882 3245 1078 3326 capitulorum
1103 3243 1286 3322 generalium

62 3341 178 3403 ordinis
192 3341 418 3423 predicatorum
434 3341 519 3404 nobis
536 3342 748 3403 recurrendum
766 3352 822 3420 est,
836 3343 885 3402 ubi
902 3345 932 3403 in
948 3345 1020 3403 actis
1032 3341 1150 3422 capituli
1167 3359 1289 3419 genera-

63 3440 144 3501 lisa.
163 3438 251 3517 1236,
269 3459 295 3500 c.
313 3441 362 3517 34,
379 3441 442 3501 haec
458 3441 614 3519 leguntur:

100 3594 165 3646 ltem
183 3593 307 3646 volumus
326 3598 353 3646 et
371 3596 527 3647 mandamus
547 3600 575 3646 ut
595 3595 743 3646 secuudum
763 3595 955 3646 correctionem
974 3607 1053 3659 oriam
1073 3593 1174 3644 iaciunt
1194 3593 1288 3642 iratres

64 3682 164 3750 quibus
178 3682 229 3735 lroc
243 3683 393 3749 injungitur
408 3685 434 3734 in
455 3685 599 3750 provincia,
617 3683 675 3734 aliae
689 3683 777 3734 biblia>
793 3683 893 3735 ordinis
908 3684 1074 3745 corrigantur
1088 3684 1113 3731 ct
1129 3685 1287 3746 purgentur.

105 3837 143 3901 Et
157 3857 259 3900 rursus
274 3840 305 3899 in
319 3838 392 3899 actis
408 3839 528 3919 capituli
544 3838 689 3916 grerroralis
704 3857 732 3898 a.
752 3837 840 3913 inat,
860 3856 886 3897 c.
904 3837 962 3897 23:

101 3993 166 4045 ltem
176 3994 368 4045 correctionem
379 3992 546 4045 biouotheca
562 4004 740 4044 senonensem
752 4005 804 4043 uon
819 3993 1006 4058 approbamus,
1023 4004 1073 4043 nec
1083 3993 1206 4043 volomus
1217 3991 1288 4058 quod

64 4078 161 4134 iratres
176 4078 326 4133 innitantur
340 4080 378 4131 illi
393 4081 551 4133 correctioni
564 4081 584 4133 ³.

105 4238 146 4302 Ex
161 4239 207 4299 bis
222 4237 361 4298 omnibus
377 4238 448 4297 illud
469 4238 605 4315 colligere
629 4238 709 4313 licet,
734 4240 858 4316 primaru
876 4237 1091 4297 correctionem
1114 4252 1190 4293 anno
1212 4233 1289 4294 leit

65 4339 230 4397 institutam
248 4355 324 4410 osse,
342 4345 371 4396 et
388 4335 505 4396 eosdem
524 4336 630 4395 fraires
647 4335 854 4414 praedicatores
872 4336 948 4394 circa
965 4352 1074 4393 aunrun
1094 4331 1169 4393 teob
1185 4349 1290 4391 secun-

62 4495 227 4503 ——-——-
241 4496 253 4500 —
271 4494 280 4504 η

104 4587 127 4636 l.
145 4584 192 4649 Ep.
210 4585 247 4635 od
261 4587 420 4635 Clorrreotenr
439 4587 482 4636 IV.
501 4585 578 4651 llody,
594 4600 618 4648 p.
636 4585 762 4635 lid-lib.
790 4583 853 4634 ldrur
869 4585 953 4635 iisdem
968 4583 1049 4633 verbis
1063 4583 1088 4633 in
1105 4584 1187 4646 Opere
1200 4584 1287 4641 terlio,

65 4671 89 4722 p·
102 4659 218 4791 gssllptto
235 4729 333 4788 letojus,
351 4729 390 4777 ed.
407 4726 477 4777 iobii.
494 4741 516 4788 p.
539 4732 577 4777 itt.

101 4798 127 4851 3,
148 4795 255 4849 llarieuo
271 4804 295 4850 rt
309 4798 418 4849 Dirraud.
437 4798 588 4847 lberooreo
605 4810 697 4856 riorus,
714 4803 731 4847 1.
749 4795 786 4863 iv,
804 4812 826 4859 p.
849 4798 911 4846 ltili
931 4799 954 4845 et
974 4797 1055 4858 17153
1073 4793 1171 4859 lienille,
1189 4808 1212 4855 p.
1227 4793 1286 4844 iS-l.
