3180 5580
706 485 873 530 rnAErttrto.
1370 485 1399 526 lh

184 625 249 713 egit
264 638 299 694 ut
313 626 425 694 litteris
441 625 598 694 hebraicis
612 626 744 709 laverat,
761 647 833 714 quae
849 626 953 693 studia
972 629 1126 715 calamaci
1146 637 1217 713 post
1231 625 1392 693 devictum

183 739 465 828 sedisapostolicae
480 739 646 808 inimicum
661 751 872 808 evanuerunt.

229 851 327 921 Nobis
341 855 403 922 hoc
417 876 482 922 non
505 855 624 942 agitur,
648 864 684 922 ut
706 854 813 922 omnia
837 874 910 943 quae
924 856 965 922 de
983 854 1096 922 studiis
1114 854 1273 922 hebraicis
1304 855 1402 922 medii

185 967 243 1036 aevi
257 970 341 1057 apud
356 982 415 1035 nos
434 969 515 1038 scire
533 969 609 1037 licet
623 970 655 1035 in
671 969 812 1036 medium
834 969 1045 1057 proferamus.
1063 969 1168 1051 Multa,
1184 969 1250 1036 sive
1265 969 1402 1038 subobs-

186 1102 275 1161 cura,
302 1081 366 1151 sive
390 1082 525 1151 minoris
549 1083 716 1166 momenti,
741 1084 923 1164 omisimus,
948 1083 1110 1171 praecipue
1131 1103 1204 1150 cum
1230 1084 1289 1150 viri
1312 1085 1397 1151 docti

186 1198 226 1265 de
241 1197 289 1264 his
304 1197 498 1266 sufficienter
513 1198 745 1287 disputaverint
758 1209 790 1266 et
802 1199 864 1266 illae
882 1199 970 1287 quasi
990 1199 1169 1267 scintillulae
1185 1199 1259 1282 sint,
1283 1198 1401 1288 quibus

187 1313 329 1381 tenebrae
351 1325 469 1381 nostrae
494 1314 698 1380 obscuriores
719 1312 911 1381 alliciuntur.
935 1313 997 1382 Sed
1023 1335 1097 1381 cum
1117 1314 1242 1402 perrari
1267 1311 1329 1381 sint
1353 1312 1399 1381 illi

186 1427 243 1519 qui
263 1428 406 1516 linguam
426 1429 610 1497 hebraicam
629 1438 701 1497 ante
721 1428 896 1496 instaurata
916 1430 1094 1497 litterarum
1114 1429 1318 1516 antiquarum
1336 1440 1402 1495 stu·

188 1543 238 1611 dia
253 1543 424 1625 coluerint,
440 1542 502 1610 hoc
515 1543 609 1610 nobis
623 1542 656 1609 in
677 1543 783 1609 animo
805 1543 865 1609 luit
880 1554 927 1625 ut,
948 1544 975 1611 si
991 1544 1067 1631 quid
1085 1541 1228 1610 hebraici
1244 1544 1403 1611 sermonis

187 1658 272 1744 apud
287 1657 435 1725 homines
449 1657 548 1725 medii
560 1657 619 1725 aevi
629 1657 793 1724 notionem
805 1656 921 1745 prodit,
938 1657 1016 1724 illud
1031 1678 1158 1724 summo
1169 1656 1276 1724 studio
1294 1677 1405 1724 recen-

188 1792 343 1839 serenrus.
360 1771 452 1850 Quod
467 1793 549 1861 opus
564 1792 629 1860 prae
647 1783 833 1860 temporum
852 1772 1018 1859 iniquitate
1033 1771 1117 1838 intra
1139 1792 1256 1860 paucas
1272 1772 1405 1860 paginas

187 1886 380 1954 absolvetur.
399 1887 523 1966 Quanto
538 1897 646 1954 autem
663 1888 815 1969 rariores,
832 1898 918 1953 tanto
938 1887 1176 1975 praestantiores
1201 1886 1294 1954 nobis
1309 1908 1406 1975 appa·
1512 1961 1514 1964 ,

189 2001 307 2070 rebunt
330 2002 477 2070 homines
503 2001 547 2069 illi
572 2001 820 2090 quibussermo
847 2000 968 2069 Veteris
996 2001 1188 2069 Testamenti
1216 2001 1407 2070 ediscendus

189 2114 278 2183 cordi
299 2116 371 2200 suit,
396 2116 461 2183 sive
480 2117 519 2183 de
541 2116 677 2184 Hebraeo
700 2117 767 2199 illo,
783 2117 957 2185 christiano
978 2115 1072 2203 lacto,
1092 2116 1168 2183 noni
1187 2116 1294 2183 saeculi
1314 2115 1406 2182 nobis

191 2251 243 2298 res
259 2231 331 2313 erit,
348 2232 413 2299 sive
432 2232 472 2300 de
489 2233 617 2320 hogero
640 2232 765 2300 Bacone
789 2251 916 2300 summo
932 2232 1000 2299 viro
1026 2242 1058 2298 et
1072 2230 1112 2298 de
1136 2229 1204 2318 ejus
1228 2229 1405 2318 discipulis,
1421 2291 1425 2300 .

189 2344 254 2413 sive
284 2345 379 2413 etiam
406 2347 446 2413 de
470 2367 509 2413 eo
533 2367 631 2434 quem
654 2345 812 2414 Lutherus
837 2357 1072 2435 praeceptorem
1099 2345 1254 2429 adhibuit,
1277 2347 1406 2416 Nicolao

190 2462 324 2549 Lyrauo.
351 2460 462 2550 Neque
488 2482 621 2550 operam
638 2461 826 2550 perdiderit,
853 2461 971 2549 siquis
993 2462 1060 2529 haee
1086 2461 1184 2529 medii
1205 2461 1263 2528 aevi
1289 2461 1408 2530 lumina

190 2575 322 2664 propius
335 2575 493 2663 inspicere
510 2585 643 2643 conatus
658 2576 731 2643 erit.
