3180 5580
690 119 828 164 nocnnus
850 119 938 162 once.
1388 107 1427 165 te

187 232 398 294 redundantia
419 233 533 294 laboret
552 251 617 313 quac
637 234 761 294 Bacenis
783 235 884 293 vitium
909 243 964 295 ost.
987 233 1043 296 Sed
1065 237 1089 296 si
1109 253 1168 295 non
1189 237 1250 316 ipse
1266 236 1342 296 Bnco
1360 236 1425 314 fuit,

184 328 310 390 saltem
328 347 395 389 cum
413 329 462 389 illo
479 331 739 407 conjunctissimus
755 329 810 389 fuit
825 339 854 389 et
873 332 921 409 qui
943 340 1001 390 tam
1018 350 1108 411 prope
1124 332 1159 393 ad
1176 351 1244 392 eum
1259 333 1424 408 accederet,

185 436 233 488 ut
250 445 320 488 cum
336 445 371 487 eo
388 427 528 487 confundi
545 436 654 507 posset.
672 426 743 488 lnde
766 430 908 503 sapientie
926 431 984 488 ciri
999 448 1058 489 non
1074 429 1283 490 obliviscemur
1298 433 1347 511 qui
1363 434 1425 510 fece

191 525 253 585 XL
270 541 366 584 ancos
376 527 479 601 poscit
493 525 534 582 im
550 525 655 584 litterae
667 527 848 584 correctione
863 532 889 584 et
904 543 991 584 sensu
1006 529 1132 586 litterali
1146 529 1327 602 ecpocendo,
1346 529 1424 589 unde

187 640 305 682 omnies
325 627 397 682 euin
414 623 519 696 ydiota
537 627 671 697 respectu
694 622 777 680 itlius
790 623 811 680 ¹.
834 620 889 693 Qui
916 629 993 682 tanta
1014 624 1211 685 familiaritate
1226 624 1342 687 videtur
1357 645 1423 686 cum

189 720 321 781 Bacone
345 720 521 798 conjunctus
537 718 640 794 fuisse,
657 726 688 778 ut
712 721 790 778 inter
811 727 969 798 utrumque
992 723 1039 780 νὴ(
1058 721 1196 799 distingui
1219 725 1321 802 possit,
1346 726 1423 785 uncle

189 816 325 877 fuerunt
340 815 389 896 qui
405 822 563 896 utrumque
579 834 670 876 unum
687 825 717 876 et
732 814 868 876 cumdem
880 815 970 877 fuisse
986 819 1199 896 existimarent,
1213 838 1308 899 neque
1324 820 1423 882 forsan

187 912 363 972 immerito.

240 1009 343 1089 Neque
370 1017 468 1069 tamen
494 1008 566 1069 illud
591 1008 776 1069 reticendum
800 1008 873 1069 duos
898 1017 1011 1070 exstare
1032 1011 1160 1087 codiceS,
1185 1012 1291 1091 quibus
1314 1033 1423 1074 nomen

192 1106 375 1188 praefigitur,
393 1106 470 1185 quod
486 1104 570 1166 nobis
591 1106 653 1184 jam
670 1104 786 1165 obvium
803 1106 869 1166 fuit.
894 1105 1026 1178 Quorum
1041 1109 1175 1166 notitiam
1192 1107 1227 1168 ll.
1244 1107 1370 1184 Denitle,
1387 1110 1423 1170 de

191 1213 327 1266 tractatu
343 1211 446 1264 nostro
459 1202 582 1282 jamjam
597 1201 809 1282 disputaturus,
827 1220 882 1281 quo
903 1211 946 1263 est
969 1220 1036 1279 erga
1056 1221 1104 1263 me
1120 1202 1335 1280 benevolentia,
1353 1205 1424 1265 mihi

191 1303 365 1362 transmisit
377 1321 384 1360 ε

234 1475 323 1528 codex
346 1473 538 1527 laurentianus
559 1472 594 1538 pl.
614 1472 677 1523 xxv
698 1472 753 1524 sin.
770 1473 796 1534 l,
814 1483 874 1523 saec.
900 1485 1013 1524 rur-xiv.
1035 1471 1086 1524 Fol.
1108 1477 1156 1525 108
1172 1473 1214 1524 bis
1232 1489 1237 1525 :
1254 1474 1425 1528 Litterarum

195 1576 381 1616 sacrarum...
399 1559 603 1630 (conectoriom
619 1572 702 1613 sacrae
717 1556 877 1626 scripturae).
896 1558 945 1613 fol.
968 1561 1080 1612 lta-210
1095 1570 1123 1610 r⁰
1139 1580 1145 1613 :
1163 1562 1296 1621 oneratam
1309 1563 1425 1628 qaedam

194 1653 272 1716 close
287 1650 611 1714 enencioncmsecinnt...
636 1647 690 1715 (Hic
710 1651 750 1700 est
771 1651 903 1715 tractatus
924 1652 1034 1707 noster).
1053 1648 1080 1699 ln
1101 1651 1220 1714 margine
1236 1651 1360 1704 interiore
1377 1653 1421 1705 fol.

201 1743 253 1793 179
278 1739 405 1805 leguntur
431 1739 488 1792 baec
515 1738 620 1790 verba:
645 1736 810 1799 Compilatt'o
826 1735 937 1798 fratris
965 1736 1107 1786 Getllelnrt
1131 1737 1164 1786 dc
1188 1739 1297 1791 Mara...
1328 1741 1424 1792 tlaetera

198 1827 332 1881 dissecuit
346 1827 522 1893 bibliopegus.

236 1916 324 1968 [lodex
348 1915 521 1968 Einsidlensis
544 1918 589 1976 28,
605 1926 665 1965 saec.
692 1926 745 1964 rrr.
772 1911 821 1962 lot.
852 1912 896 1960 ltt
918 1926 923 1960 :
942 1911 1044 1973 incipit
1064 1913 1199 1963 eorrectio
1221 1917 1316 1965 tectos
1338 1916 1422 1966 ltc'blie

200 2005 353 2069 coenpitcto
367 2004 495 2056 Part-sius
506 2017 558 2067 per
573 2003 737 2065 riroqistrum
751 1998 910 2062 etsrutrem
928 1999 1098 2050 ll'c'tbcrmcm
1117 2000 1149 2050 dc
1167 2002 1253 2063 Mora,
1269 2002 1328 2056 ord.
1351 2004 1418 2056 arsin.

199 2093 251 2146 Fol.
276 2096 327 2147 212
342 2112 348 2146 τ
366 2095 401 2144 De
414 2093 521 2144 hebreis
535 2096 561 2143 et
586 2092 675 2154 precis
694 2092 846 2154 cloccarum
868 2088 954 2138 Bible'c
975 2088 1099 2138 collectio
1118 2103 1152 2138 cn
1173 2090 1331 2152 hujusmodi
1344 2106 1423 2154 opere

200 2180 269 2234 dieti
278 2179 388 2244 scotris
407 2181 546 2232 tt'c'llrernn'
560 2178 700 2247 (Excerpta
715 2193 729 2230 e
746 2181 858 2231 tractatu
874 2174 986 2237 nostro).

241 2336 481 2398 intricatissimas
498 2337 561 2397 illas
576 2336 692 2397 notulas
708 2335 806 2395 forsan
822 2334 857 2394 H.
874 2334 987 2395 Denille
1003 2333 1167 2414 explicabit,
1185 2353 1280 2414 neque
1297 2336 1421 2396 multum

205 2436 392 2511 miraremur,
417 2436 441 2494 si
463 2437 534 2495 viris
554 2434 649 2495 doctis
669 2431 818 2492 rideretur
843 2430 1028 2493 Wiflermum
1051 2431 1087 2490 dc
1109 2430 1184 2492 blara
1208 2450 1275 2493 cum
1299 2432 1422 2494 [laconis

206 2533 407 2592 correctiones
423 2533 498 2592 sacri
515 2540 622 2608 textus,
641 2540 702 2591 tum
719 2539 834 2590 mutuas
858 2529 988 2604 magistri
1011 2537 1040 2588 et
1059 2528 1269 2608 discipulorum
1285 2531 1422 2610 epistolas

205 2629 234 2688 in
252 2647 346 2690 unum
362 2629 509 2708 redegisse
525 2647 643 2709 corpuS,
660 2646 724 2707 quae
740 2629 847 2687 merito
862 2627 1030 2703 compilatio
1046 2625 1103 2686 dici
1120 2628 1226 2702 potuit.

203 2905 232 2956 de
246 2907 344 2957 nomine
358 2904 443 2974 lsrael,
460 2920 515 2958 cum
536 2909 619 2970 Opere
641 2907 753 2968 rrrajore,
777 2921 799 2970 p.
827 2907 874 2970 5‘23
899 2916 953 2967 qua
967 2904 997 2953 dc
1018 2902 1153 2953 canonibus
1167 2903 1321 2954 hebreorum
1336 2916 1421 2971 supra,

203 2988 225 3038 p.
244 2978 432 3039 seposuimus
448 2991 503 3030 cum
520 2980 603 3040 Opere
618 2979 731 3039 nnajore,
748 2991 771 3040 p.
791 2977 840 3027 ‘ilo
855 2981 880 3027 et
894 2975 944 3025 ato
958 2988 965 3035 ;
981 2974 1175 3036 explanationem
1189 2975 1284 3024 numeri
1300 2978 1349 3026 666
1366 2972 1419 3039 lfol.

203 3047 252 3097 239
267 3045 306 3112 r⁰l
320 3060 376 3098 cum
392 3049 554 3112 conpendio
568 3049 662 3108 studit,
681 3064 703 3114 p.
722 3049 789 3111 t573
805 3047 1033 3097 commentationem
1049 3047 1078 3095 cle
1093 3045 1177 3107 lingna
1192 3045 1318 3096 chaldaica
1337 3043 1423 3110 (supra

203 3130 226 3180 p.
244 3113 360 3183 illilcam
377 3120 459 3183 Opere
474 3120 586 3181 ascajone,
600 3134 623 3183 p.
638 3121 681 3180 la,
697 3125 722 3170 ct
736 3119 916 3169 enarrationem
931 3117 1036 3167 nominis
1051 3117 1139 3164 Corne
1150 3117 1224 3164 stibis·
1240 3112 1325 3181 (supra
1341 3130 1363 3180 p.
1377 3115 1422 3181 63)

202 3200 256 3238 cum
272 3189 432 3253 Compendio
446 3191 542 3252 studit,
558 3205 582 3254 p.
599 3192 657 3242 tto.

240 3263 261 3309 1.
280 3258 338 3311 llide
353 3275 439 3328 supra,
455 3277 478 3326 p.
498 3267 539 3314 35.
