3180 5580
289 438 328 498 30
666 454 704 496 on
726 451 841 497 scnocn
863 452 974 496 nocam
997 451 1134 496 alcoms.

328 569 460 646 Hugonis
477 587 550 648 opus
570 587 629 628 non
651 587 709 627 uno
732 567 819 627 modo
845 574 1078 627 retractaverunt
1102 567 1208 627 iratres
1231 565 1451 646 praedicatores,
1479 564 1519 627 de

289 667 474 726 correctione
491 672 585 724 textus
601 666 677 724 sacri
692 665 756 724 sine
780 665 1000 723 intermissione
1016 663 1135 723 solliciti
1147 667 1165 722 ¹.
1191 660 1247 722 Sed
1264 680 1280 722 e
1302 660 1408 722 talibus
1426 662 1520 722 lucu-

290 758 474 820 brationibus
490 760 560 819 illud
587 762 732 839 praecipue
749 778 823 839 opus
846 761 948 834 crevit,
971 758 1047 838 quod
1070 761 1099 819 in
1120 756 1271 819 codicibus
1290 756 1324 818 B.
1342 757 1377 818 N.
1400 759 1520 823 totto

291 858 387 918 totta
404 864 556 918 servatur:
574 857 610 916 de
627 857 826 936 pulcherrimo
852 857 1011 936 Scriptura
1027 875 1117 917 sacrae
1133 856 1292 935 exemplari
1307 855 1385 932 dico,
1403 854 1518 935 quoda

290 962 435 1015 conventu
452 953 481 1015 S.
499 952 599 1016 iacobi
615 955 785 1033 parisiensis
800 955 830 1013 in
848 952 1058 1014 bibliothecam
1074 951 1258 1013 Nationalem
1281 953 1410 1012 transiit.
1426 951 1520 1015 Liber

291 1052 340 1112 ille
356 1053 550 1130 eximius,qui
563 1050 688 1110 Ricardo
700 1049 813 1111 Simoni
831 1071 845 1108 1
864 1049 1134 1130 incomparabilis»
1152 1049 1316 1126 dicebatur,
1334 1051 1431 1129 ipsum
1449 1068 1518 1112 esse

290 1148 406 1208 videtur
422 1149 677 1207 dominicanorum
693 1149 887 1207 correctionis
903 1146 1115 1226 autographum
1131 1146 1292 1226 exemplar.

331 1246 596 1306 Perseverarorunt
605 1244 684 1302 enim
699 1243 875 1321 aliquotiens
887 1245 917 1302 in
930 1242 1110 1320 marginibus
1127 1244 1247 1318 notulae,
1261 1245 1323 1322 ipsa
1333 1245 1519 1305 correctoris

291 1360 379 1400 marm
396 1342 524 1420 scriptia,
535 1338 762 1418 quaslibrarius,
776 1349 930 1420 postquam
941 1343 1145 1421 exscripserat,
1158 1339 1279 1401 eradere
1289 1342 1401 1402 omisit.
1412 1339 1522 1401 Farra-

291 1441 388 1516 ginem
406 1439 551 1512 omnium,
569 1456 693 1516 qnorum
710 1456 799 1518 opera
815 1438 864 1497 illo
877 1445 1009 1517 tempore
1027 1436 1324 1513 circumferebantur,
1334 1439 1517 1516 scriptorum

292 1534 516 1612 diligentissime
542 1542 734 1594 excusserunt
757 1535 844 1612 hujus
868 1543 977 1593 nostrae
1007 1534 1146 1594 editionis
1169 1541 1317 1607 auctores,
1344 1542 1375 1594 et
1398 1533 1521 1595 codices

291 1634 437 1710 antiquos,
456 1631 624 1704 modernos,
640 1632 782 1709 glossatos
799 1633 939 1690 continuo
951 1630 1112 1705 adducunt,
1125 1629 1177 1690 sed
1192 1628 1306 1690 duabus
1327 1631 1518 1710 potissimum

292 1725 681 1803 auctoritatibusinsistunt,
700 1746 763 1807 quae
779 1728 878 1788 forsan
896 1729 925 1786 in
942 1746 1032 1786 unum
1050 1735 1242 1801 concurrunt,
1255 1726 1521 1790 videlicetcorrec·

291 1827 419 1887 tionibus
441 1824 616 1905 quibusdam
637 1829 790 1905 anonymis
812 1834 841 1886 ct
859 1824 1089 1886 correctionibus
1107 1825 1217 1900 fratris
1248 1826 1423 1887 mactandi.
1454 1826 1520 1888 Hoc

293 1924 380 1983 etiam
402 1920 487 1981 nobis
507 1920 680 1994 notandum,
698 1922 760 1981 lere
782 1939 896 1997 omneS,
921 1938 985 2000 quae
1005 1921 1052 1980 bic
1075 1940 1109 1980 ex
1128 1920 1219 1981 tratre
1240 1920 1406 1982 Theobaldo
1426 1920 1522 1982 addu-

292 2027 410 2094 cuntur,
428 2020 629 2079 correctiones
645 2036 711 2077 cum
729 2026 808 2078 textu
825 2018 935 2078 codicis
950 2018 984 2079 B.
1000 2016 1035 2077 N.
1055 2017 1091 2077 l'l
1117 2016 1308 2092 concordare,
1330 2037 1419 2098 quem
1435 2017 1522 2079 codi-

292 2134 357 2175 cem
374 2134 407 2175 ex
423 2115 578 2175 collatione
595 2117 767 2175 correctorii
783 2114 930 2175 sorbonici
947 2116 1083 2174 norimus
1099 2116 1231 2194 proxime
1247 2114 1282 2175 ad
1297 2117 1520 2176 correctionem

293 2230 491 2273 senonensem
507 2213 661 2272 accedere.
678 2210 761 2272 Unde
778 2213 843 2290 quis
859 2230 991 2289 quaerere
1003 2212 1106 2290 possit,
1119 2211 1254 2290 aliquane
1265 2211 1429 2272 intercedat
1439 2213 1522 2273 inter

292 2310 492 2368 correctiones
508 2308 607 2367 fratris
622 2307 780 2369 Tbeobaldi
797 2316 826 2367 et
846 2309 1060 2367 correctionem
1082 2324 1280 2367 senonensem
1301 2309 1521 2388 propinquitas.

297 2404 512 2464 correctionem
529 2405 726 2480 parisiensem
745 2405 916 2475 secandam,
940 2422 1005 2482 quae
1026 2406 1056 2464 in
1083 2403 1188 2463 eodem
1210 2405 1392 2464 correctorio
1414 2403 1524 2466 sorbo-

295 2502 381 2560 nensi
398 2501 560 2579 sepissime
576 2500 722 2576 laudatur,
749 2518 932 2579 nequaquam
956 2499 991 2561 ab
1016 2500 1175 2580 exemplari
1191 2508 1291 2560 nostro
1316 2499 1436 2561 differre
1452 2519 1524 2582 pro·

295 2595 456 2671 fitebimur,
481 2615 569 2674 quum
594 2603 710 2656 tectum
727 2598 924 2674 parisiensem
942 2599 1074 2674 priorem
1096 2598 1126 2656 in
1148 2615 1183 2657 eo
1207 2605 1287 2658 textu
1310 2615 1520 2676 agnoscamus,

295 2695 344 2772 qni
361 2696 391 2753 in
406 2695 599 2754 universitate
616 2696 769 2774 parisiensi
786 2697 918 2754 onmium
936 2697 1048 2775 primus
1064 2695 1212 2773 evulgatus
1229 2703 1283 2756 est,

334 2790 426 2851 Porro
442 2792 472 2851 in
488 2791 591 2851 ordine
607 2791 832 2870 praedicatorum
848 2810 907 2852 non
922 2791 1082 2852 doluerunt
1096 2799 1236 2869 regnante
1252 2790 1458 2866 Ludoricolll‚
1469 2794 1522 2873 qui

294 2886 475 2947 sufficienter
489 2889 520 2946 in
535 2887 633 2964 lingua
649 2887 784 2947 hebraica
800 2887 898 2947 edocti
915 2897 1023 2948 essent.
1041 2888 1083 2948 lio
1099 2905 1206 2967 nempe
1224 2896 1355 2967 tempore
1371 2886 1422 2947 ubi
1437 2887 1524 2949 Pari-

295 2985 346 3043 siis
362 2983 524 3060 agitabatur
539 2985 656 3045 celebre
674 2985 744 3045 illud
760 2989 838 3047 inter
853 2986 1029 3046 christianos
1046 2995 1075 3046 ct
1090 2986 1206 3049 ludaeos
1222 2985 1257 3046 de
1268 2984 1408 3046 Talmude
1424 2994 1525 3046 certa-

295 3097 375 3156 men,
388 3082 471 3140 testis
482 3088 527 3140 cst
536 3083 598 3161 ipsc
609 3081 702 3142 Rabbi
712 3083 826 3159 Yohiel,
837 3082 1073 3142 talmndistarum
1081 3085 1301 3162 antesignanus,
1311 3082 1421 3143 multos
1431 3083 1526 3144 cleri-

294 3193 344 3235 cos
359 3193 375 3233 a
390 3175 499 3237 iudeis
513 3175 650 3237 hebraice
667 3177 817 3252 didicisse,
835 3184 864 3236 et
879 3179 1014 3237 norimus
1031 3177 1258 3239 auctoremlibri
1267 3180 1476 3241 detractiones
1487 3183 1524 3242 do

296 3273 423 3345 Talmat,
440 3274 490 3351 qui
512 3279 578 3352 post
600 3273 828 3333 condemnatum
850 3292 927 3334 anuo
953 3273 1029 3335 1248
1050 3275 1221 3336 Talmudem
1242 3277 1436 3337 concinnatus
1462 3286 1522 3353 est,

295 3386 310 3427 a
326 3366 440 3428 duobus
455 3369 634 3446 christianis,
651 3371 681 3428 in
701 3368 820 3429 hebraeo
844 3372 1044 3450 peritissimis,
1062 3372 1194 3450 adjutum
1220 3376 1318 3434 esse'.
1336 3372 1470 3445 Quorum
1494 3377 1523 3435 si

295 3484 371 3526 unus
387 3474 436 3526 aut
448 3466 523 3527 alter
538 3484 573 3525 en
588 3466 691 3527 ordine
708 3467 933 3546 praedicatorum
956 3487 1015 3530 non
1035 3470 1151 3544 luisset,
1173 3472 1248 3530 mira
1268 3488 1339 3531 sane
1362 3489 1410 3532 ros
1426 3480 1521 3534 esset.

295 3562 330 3623 Et
345 3580 447 3622 revera
462 3569 555 3623 exstat
570 3564 600 3621 in
616 3561 795 3624 bibliotheca
809 3582 937 3625 casarea
952 3563 1172 3627 vindobonensi
1197 3585 1211 3624 a
1229 3566 1329 3628 fratris
1344 3565 1520 3645 Theobsldi,

295 3658 408 3719 ordinis
423 3659 661 3739 predicatorum,
673 3660 813 3721 refutatio
829 3681 964 3722 errorum
980 3662 1143 3723 Thalmud⁸
1168 3682 1197 3723 1.

335 3756 417 3828 Quod
434 3774 507 3837 opus
522 3756 632 3832 lorsan,
646 3757 747 3836 judice
763 3757 798 3821 H.
816 3759 929 3820 Denille
942 3763 963 3835 ⁴,
981 3778 1040 3821 uon
1056 3759 1155 3821 diilert
1175 3759 1211 3820 ab
1226 3761 1522 3823 detractionibus&

298 3855 413 3914 Tatmat
435 3872 500 3932 quae
523 3856 555 3914 in
574 3853 659 3915 codd.
686 3856 837 3917 nonnullis
860 3860 1060 3934 inveniuntur,
1087 3860 1166 3918 iuter
1190 3875 1265 3937 quos
1287 3858 1425 3919 laudandi
1451 3859 1521 3921 cod.

296 4046 502 4057 ⁵—-

295 4184 364 4235 aequo
384 4171 412 4221 lli
427 4174 489 4224 liber
502 4171 594 4240 Esdra,
610 4178 717 4225 testatur
730 4176 789 4226 itam
804 4188 892 4227 nomen
907 4179 1009 4237 tironi,
1027 4178 1092 4241 quod
1106 4178 1131 4227 in
1146 4179 1232 4229 notula
1247 4179 1278 4230 ad
1299 4176 1355 4229 Luc.
1382 4192 1455 4245 1111111,
1476 4181 1521 4245 15,

296 4244 401 4363 geritur,
417 4245 535 4296 nonnulla
549 4246 617 4308 operi
631 4245 741 4308 lingonis
756 4247 862 4298 admixta
881 4259 945 4300 esse.
961 4247 1090 4300 Nonnullis
1103 4247 1174 4299 libris
1188 4249 1318 4313 incapte
1336 4253 1395 4301 sunt
1417 4262 1525 4302 concor·

314 4314 402 4365 antiae.

334 4387 357 4437 1.
373 4383 544 4437 idmonendus
558 4387 638 4438 lector
651 4388 828 4438 correctorium
843 4388 902 4439 illud
917 4389 982 4452 quod
996 4389 1088 4452 legitur
1100 4390 1126 4439 in
1141 4391 1195 4441 cod.
1212 4389 1335 4442 llnrciano
1350 4392 1382 4443 cl.
1404 4390 1425 4455 l,
1444 4404 1469 4443 c.
1488 4394 1524 4444 50

297 4451 491 4523 (stanimir),
507 4457 549 4507 tol.
571 4460 695 4521 tat-sao,
710 4472 754 4521 pro
763 4472 849 4521 magna
860 4462 929 4522 parte
946 4473 976 4510 ex
989 4461 1140 4511 correctorio
1153 4462 1240 4512 nostro
1249 4463 1366 4528 pendero,
1380 4463 1425 4514 scd
1438 4464 1524 4519 multa

296 4527 368 4576 etiam
383 4527 408 4576 in
422 4541 451 4578 eo
464 4541 528 4578 nora
541 4529 654 4580 inveniri.
672 4528 745 4591 Gutus
760 4533 847 4580 auctor
860 4535 885 4580 et
899 4532 951 4594 ipso
965 4532 1044 4593 gallus
1058 4532 1118 4582 tuit.

332 4599 356 4647 2.
373 4595 405 4647 ls.
423 4596 490 4664 lioeb,
505 4601 591 4649 ileaae
605 4598 651 4649 der
665 4588 764 4649 Etades
774 4600 872 4660 jainar,
889 4603 908 4651 t.
926 4601 945 4666 l,
964 4603 1041 4667 1888,
1057 4616 1082 4665 p.
1101 4603 1161 4654 218.

333 4669 357 4718 3.
374 4667 457 4724 Ouitil
467 4672 492 4719 et
506 4666 610 4735 Eobcrd,
626 4672 770 4733 Scriptores
785 4670 888 4720 ordinis
897 4671 1121 4735 praenotarem,
1137 4676 1155 4723 t.
1174 4671 1203 4739 ll,
1220 4686 1244 4735 p.
1262 4672 1309 4723 sat
1329 4677 1355 4723 ot
1369 4674 1430 4724 8‘22.

332 4738 358 4790 l.
373 4739 577 4790 chartulariam
588 4743 771 4791 arretinensitotis
787 4745 956 4801 Parisiensts,
974 4749 992 4794 t.
1010 4742 1030 4808 l,
1047 4758 1071 4807 p.
1089 4743 1150 4802 on,
1167 4756 1191 4793 n.
1213 4745 1254 4796 ta.
