3180 5580
276 474 314 535 ⁹24
483 491 520 533 bu
543 488 876 534 tubunenurtllouutu's
899 489 1037 533 Nominum
1060 489 1287 534 uuunttcottt'lt.

276 609 356 660 tionis
376 609 420 660 uel
439 611 510 662 inter
527 608 643 674 reliquas
662 607 765 660 litteras
784 608 919 672 dictionis,
941 608 1059 659 secunda
1075 621 1139 661 uero
1153 609 1244 660 ultima
1258 610 1286 660 iu
1305 607 1358 661 due
1372 608 1498 661 dictioms

276 697 355 748 debet
374 696 453 749 scribi
473 700 498 748 et
518 697 589 748 ualet
608 700 634 747 et
650 700 726 748 sonat
744 695 813 748 idem
829 695 900 760 quod
916 711 939 747 m
960 695 1028 761 apud
1050 696 1154 748 latinos,
1172 699 1233 747 il'un
1247 698 1326 749 etiam
1341 697 1441 762 duplex
1455 699 1498 749 eat

276 785 373 849 littera,
393 784 476 850 prima
496 786 523 836 iu
543 787 673 850 principio
694 785 818 836 dictionis
838 783 881 835 uel
901 785 971 836 iuter
990 784 1093 837 litteras
1112 784 1245 849 dictionis,
1265 785 1383 836 secunda
1402 786 1430 836 in
1444 784 1498 835 tlne

277 875 400 926 dictionis
417 875 508 927 ultima
526 874 605 925 babet
625 875 698 938 poni,
714 878 741 926 et
757 874 827 925 ualet
842 877 867 925 et
884 878 960 925 sonat
976 874 1046 925 idem
1060 874 1130 938 quod
1146 889 1163 922 n
1179 873 1249 938 apud
1264 874 1369 924 latinos.
1385 873 1498 925 Suineclt

278 976 341 1014 uero
357 964 394 1014 sic
410 963 522 1027 uirgulis
537 977 598 1015 cum
614 962 753 1015 uocalibus
768 963 812 1013 uel
827 965 932 1028 punctis
949 962 1081 1014 uocalium
1098 964 1183 1014 uicem
1197 961 1350 1015 tenentibus
1365 975 1426 1014 cum
1441 962 1499 1012 iotlt

277 1054 303 1102 et
319 1066 375 1101 unu
391 1051 522 1104 uocalium
538 1052 704 1116 locopositis
720 1051 839 1114 iungitur
853 1056 878 1102 et
894 1054 970 1102 sonat
983 1053 1052 1102 sicut
1067 1065 1090 1104 c.
1107 1065 1128 1104 e.
1143 1053 1187 1103 uel
1202 1052 1214 1101 i
1227 1053 1300 1103 nulla
1314 1051 1402 1103 littera
1416 1053 1499 1103 iuter·

277 1142 363 1204 posita
379 1140 555 1205 sequentibus
570 1140 689 1202 iungitur
709 1143 735 1191 et
752 1144 828 1190 sonat
842 1142 868 1192 iu
889 1139 969 1191 latina
988 1140 1113 1202 dictione,
1129 1142 1232 1192 namin
1248 1142 1300 1192 tine
1315 1139 1438 1192 dictionis
1452 1138 1500 1190 be·

278 1227 375 1292 brayae
397 1229 484 1292 posita
504 1228 618 1279 tlectitur
635 1233 662 1280 et
682 1228 807 1294 liquescit
827 1229 895 1279 sicut
914 1226 972 1278 din
993 1229 1045 1279 tlne
1065 1228 1147 1280 latine
1161 1229 1295 1281 dictionis.
1313 1227 1348 1278 lle
1363 1242 1418 1290 apra
1432 1240 1498 1280 uero

277 1316 347 1367 idem
362 1317 475 1369 dicimus
490 1318 560 1383 quod
574 1318 688 1369 dicimus
703 1318 735 1369 de
750 1319 831 1382 alepi
845 1320 958 1382 excepto
974 1318 1044 1384 quod
1059 1317 1160 1370 modice
1175 1317 1289 1383 amplius
1303 1320 1378 1369 sonat
1390 1316 1423 1368 de
1436 1318 1499 1382 gnt-

278 1407 337 1456 ture
352 1419 413 1457 cum
434 1419 529 1470 magno
548 1407 675 1471 impulsu.
693 1407 744 1457 Pbe
763 1410 852 1459 autem
866 1407 966 1472 duplex
986 1410 1027 1458 est
1047 1406 1142 1465 littera.
1159 1410 1242 1472 prima
1257 1407 1284 1459 lu
1298 1405 1428 1471 principio
1442 1404 1499 1457 dic·

277 1491 358 1544 tionis
373 1494 414 1545 uel
431 1496 501 1546 luter
516 1495 581 1547 alias
597 1495 697 1548 litteras
712 1497 846 1558 dictionis,
864 1497 981 1547 secunda
997 1509 1061 1548 uero
1076 1497 1103 1546 in
1119 1496 1171 1546 tine
1191 1494 1314 1546 dictionis
1329 1492 1407 1544 debet
1422 1494 1496 1558 poni.

279 1594 351 1653 Quod
371 1597 393 1646 si
412 1594 533 1647 habuerit
553 1600 682 1662 punctum
701 1597 844 1661 paruulum
863 1598 931 1648 intra
951 1610 979 1648 se
999 1597 1115 1662 positum
1134 1595 1184 1647 boc
1199 1595 1298 1647 modo:
1317 1583 1345 1663 ἣ
1369 1586 1406 1654 b,
1428 1593 1498 1645 idem

280 1681 351 1733 ualet
371 1684 397 1733 et
419 1687 495 1734 sonat
515 1685 585 1749 quod
603 1698 621 1747 p
627 1700 636 1744 ;
656 1685 678 1734 si
698 1687 859 1763 autemnon
878 1684 999 1736 babuerit
1018 1686 1087 1736 iutra
1106 1697 1135 1735 se
1151 1684 1197 1734 sed
1213 1682 1352 1747 paruulum
1368 1680 1498 1746 uirgulam

279 1780 395 1846 desuper
408 1784 539 1835 iacentem
554 1784 602 1836 boc
618 1785 695 1836 modo
711 1803 718 1837 t
734 1772 758 1873 ἢ
775 1779 811 1849 Ξ,
827 1787 896 1838 idem
912 1786 982 1836 ualet
996 1789 1022 1836 et
1039 1788 1114 1837 sonat
1124 1785 1194 1850 quod
1205 1783 1306 1857 j.·ltem
1319 1784 1385 1834 sude
1399 1783 1500 1848 duplex

280 1872 320 1919 est
339 1870 436 1923 littera.
453 1871 536 1922 Prima
550 1873 577 1923 iu
592 1870 722 1937 principio
735 1873 861 1924 dictionis
881 1873 925 1923 uel
944 1875 1014 1924 iuter
1033 1871 1097 1924 alias
1112 1871 1215 1923 litteras
1230 1869 1364 1936 dictionis,
1381 1870 1501 1923 secunda

280 1972 345 2009 uero
360 1959 386 2010 in
408 1961 460 2012 tlne
479 1961 603 2014 dictionis
623 1962 715 2013 ultima
729 1964 792 2027 poni
807 1964 957 2015 consueuit.
973 1964 1000 2012 et
1013 1961 1084 2027 quod
1098 1961 1211 2011 dicimus
1222 1960 1254 2010 de
1268 1961 1376 2011 rainaci
1388 1961 1502 2012 dicimus

280 2049 429 2111 peremnia
444 2048 476 2100 de
495 2051 563 2103 istis,
581 2050 650 2113 copo
665 2064 729 2102 uero
748 2051 897 2116 peremnia
913 2049 1011 2101 sicuti
1026 2048 1095 2115 apud
1109 2048 1205 2100 latiuos
1220 2060 1249 2099 se
1263 2047 1352 2100 babet.
1369 2050 1417 2099 lter
1431 2049 1504 2100 idem

282 2134 353 2186 ualet
372 2139 398 2186 et
419 2141 495 2188 sonat
514 2136 585 2202 quod
604 2151 619 2186 r
638 2137 708 2201 apud
727 2136 835 2189 latinos.
856 2138 918 2199 Sym
940 2149 1003 2188 uero
1023 2137 1045 2187 si
1067 2135 1160 2186 babeat
1176 2138 1304 2198 puuctum
1318 2134 1461 2200 paruulum
1476 2137 1504 2186 iu

209 2254 212 2260 ·
282 2235 392 2287 dextera
407 2240 481 2301 parte
495 2238 545 2289 boc
560 2237 637 2289 modo
654 2256 661 2288 ε
678 2221 721 2300 W,
738 2239 807 2289 ldem
823 2237 893 2289 ualet
908 2239 933 2288 et
949 2240 1025 2288 sonat
1036 2237 1106 2302 quod
1120 2251 1133 2285 a
1148 2236 1217 2301 apud
1232 2236 1337 2287 latinos.
1354 2236 1427 2294 Quod
1441 2237 1464 2287 si
1477 2237 1505 2286 in

282 2336 389 2388 sinistra
404 2341 478 2401 purte
492 2338 541 2389 boc
558 2338 635 2390 modo
650 2356 657 2390 t
674 2319 718 2403 W,
734 2339 804 2390 idem
819 2337 888 2389 ualet
899 2339 924 2388 et
939 2338 1016 2387 sonat
1026 2334 1095 2400 quod
1106 2334 1173 2397 sada
1188 2337 1214 2386 et
1229 2335 1346 2386 sarmati.
1365 2337 1420 2385 lau
1440 2347 1506 2386 uero

283 2437 306 2488 si
321 2443 451 2502 punctum
465 2438 607 2502 paruulum
621 2440 690 2491 intra
704 2453 734 2491 se
754 2439 874 2489 babuerit
889 2437 940 2489 boc
955 2437 1032 2489 modo
1049 2456 1055 2488 :
1071 2431 1111 2501 t'l,
1130 2438 1198 2488 idem
1214 2437 1284 2489 ualet
1298 2440 1325 2487 et
1341 2440 1416 2488 sonat
1432 2437 1506 2502 quod

284 2526 295 2574 t
314 2526 384 2588 apud
403 2524 513 2586 latinos;
534 2527 556 2576 si
578 2530 665 2577 autem
685 2530 815 2591 punctum
834 2538 887 2576 nou
907 2524 1027 2576 babuerit
1045 2526 1115 2575 intra
1138 2538 1167 2575 se
1186 2524 1302 2590 positum
1316 2526 1357 2575 set
1371 2523 1507 2588 uirgulam

284 2628 423 2692 paruulum
443 2629 558 2693 desuper
577 2631 707 2681 iacentem
725 2629 776 2681 boc
795 2628 895 2680 modo:
917 2622 957 2694 Π,
975 2627 1045 2679 ualet
1066 2630 1091 2678 et
1111 2631 1187 2679 sonat
1207 2626 1277 2678 iderti
1292 2626 1364 2691 quod
1377 2625 1445 2687 sada
1461 2625 1508 2676 uel

283 2716 400 2767 sarriente.
417 2716 481 2767 Sunt
496 2721 522 2767 et
537 2717 588 2769 alia
602 2718 725 2783 quedam,
742 2730 826 2783 pauca
842 2720 940 2781 tamen,
952 2730 1005 2782 que
1017 2716 1127 2767 dicenda
1142 2716 1243 2778 esseut,
1256 2716 1297 2765 set
1312 2712 1402 2765 latinis
1414 2714 1508 2765 uerbis

284 2803 398 2868 exprimi
418 2818 470 2855 non
489 2809 647 2869 possunt...
668 2804 697 2857 Et
717 2805 855 2858 sciendum
875 2805 955 2870 quod,
977 2806 1038 2869 qil'ta
1058 2801 1178 2854 uocalem
1198 2801 1270 2852 illam
1290 2814 1341 2866 que
1362 2804 1438 2852 sonat
1454 2802 1506 2850 en·

285 2892 354 2955 apud
368 2891 481 2943 hebreos
496 2897 522 2944 et
542 2896 583 2946 est
598 2894 686 2947 tlnalis
705 2894 793 2946 littera
812 2892 905 2944 barum
924 2891 1080 2956 gallicarum
1095 2890 1240 2942 dictionum
1257 2889 1315 2940 sire
1329 2888 1373 2941 uel
1387 2889 1466 2941 dante
1480 2893 1509 2942 et

285 2981 421 3046 similium,
444 2985 513 3035 sicut
532 2985 584 3035 lam
605 2980 755 3048 [diximus],
779 2985 805 3034 in
829 2982 918 3034 latinis
940 2981 1035 3031 litteris
1055 2981 1177 3031 inuenire
1200 2990 1253 3030 nou
1273 2978 1416 3037 uuluimus,
1435 2978 1509 3032 banc

286 3068 396 3122 formam
411 3067 430 3138 †
445 3070 548 3123 scilicet
567 3073 674 3135 siguum
690 3074 779 3122 nostre
795 3069 888 3121 salutis
907 3069 965 3120 loco
981 3069 1052 3119 illius
1071 3068 1174 3119 uocalis
1190 3069 1216 3118 iu
1236 3069 1325 3120 latinis
1345 3068 1509 3120 dictionibus

286 3170 384 3223 ponere
401 3160 569 3211 decernimus
581 3159 602 3210 ².

322 3248 384 3306 Quia
398 3247 506 3299 Domino
520 3249 664 3299 miserante
680 3249 705 3298 et
720 3248 880 3310 scripturam
894 3243 1054 3308 hebraycam
1075 3257 1128 3310 que
1143 3258 1157 3295 a
1173 3245 1281 3295 dextera
1295 3248 1369 3310 parte
1385 3246 1412 3297 in
1428 3247 1512 3298 sinis-

286 3337 352 3386 tram
365 3335 397 3385 ab
414 3337 523 3402 antiquo
537 3334 618 3387 scribi
629 3336 768 3387 consueuit
780 3346 857 3385 uersa
872 3334 931 3385 uice
941 3347 956 3383 e
967 3335 1098 3384 contrario
1110 3337 1135 3384 et
1150 3334 1177 3384 in
1192 3336 1354 3386 contrarium
1367 3349 1382 3385 a
1397 3336 1509 3387 sinistra

287 3422 313 3473 ln
329 3421 466 3474 dexteram
481 3422 597 3474 scribere
617 3422 746 3488 cepimus,
768 3421 885 3473 scientes
907 3433 954 3486 pro
977 3423 1049 3472 certo
1066 3423 1134 3472 sicut
1149 3436 1164 3472 a
1178 3423 1398 3475 nominatissimis
1412 3434 1510 3475 eorum

286 3512 418 3573 magistris
433 3513 585 3578 accepimus
599 3513 661 3577 quia
675 3508 744 3562 intra
762 3511 864 3574 septem
880 3510 912 3561 ab
934 3524 1003 3561 anno
1023 3513 1139 3575 presenti
1156 3511 1201 3575 qui
1221 3514 1262 3560 est
1277 3511 1309 3561 ab
1324 3512 1511 3565 incarnatione

287 3599 364 3650 llerbi
380 3614 424 3652 m.
441 3613 481 3652 cc.
498 3600 602 3664 xxxiiij.
616 3599 624 3629 ³
645 3595 753 3663 plurimi
767 3609 858 3649 eorum
873 3602 899 3649 et
919 3600 1027 3650 maximi
1042 3598 1074 3649 ad
1091 3598 1168 3649 [idern
1183 3601 1300 3650 nostram
1316 3603 1512 3652 conuertentur

287 3687 338 3737 nisi
352 3687 421 3739 intra
435 3688 583 3754 predictum
598 3688 742 3739 terminum
757 3683 918 3752 [aduenerit]
934 3687 1050 3751 llessyas
1065 3699 1142 3751 quarn
1159 3684 1257 3737 tamdiu
1274 3685 1371 3738 trustra
1382 3691 1512 3753 expecta·

287 3770 383 3826 uerunt
397 3789 428 3827 eo
443 3776 513 3841 quod
528 3777 604 3839 signa
617 3789 665 3826 sua
681 3786 732 3826 non
750 3775 873 3827 uiderunt
889 3776 934 3826 sed
950 3777 1056 3839 penitus
1072 3775 1159 3825 omnia
1174 3773 1329 3826 deiecerunt
1344 3778 1370 3826 et
1386 3777 1439 3827 iam
1454 3788 1511 3828 uon

288 3862 415 3914 intereos
431 3878 445 3912 a
461 3863 550 3914 multis
566 3867 634 3914 retro
650 3863 812 3929 temporibus
829 3862 955 3928 propbeta
971 3858 1119 3928 [surrexitl.

326 4000 391 4080 Ipse
406 4020 475 4060 vero
491 4011 592 4061 auctor
606 4002 685 4061 aliud
705 4004 888 4082 propositum
910 4009 1043 4060 secutum
1063 4019 1127 4061 esse
1150 4020 1182 4060 se
1203 4000 1322 4068 tutetur,
1346 4020 1455 4082 nempe
1479 4011 1514 4064 ut

325 4220 345 4265 1.
365 4217 421 4268 l'ide
438 4233 460 4280 p.
481 4221 524 4273 ⁸2²2,
540 4233 565 4270 u.
585 4223 607 4269 3,

323 4290 345 4336 i.
365 4288 485 4345 Quantum
501 4290 597 4340 intersit
620 4292 684 4340 inter
707 4290 934 4352 pronuntiationem
959 4290 1078 4338 hebraica}
1103 4290 1192 4350 linguae
1215 4292 1277 4352 apud
1302 4290 1381 4339 Gallos
1404 4291 1430 4339 et
1443 4294 1512 4354 apud

287 4357 429 4411 nonnanes.
441 4373 470 4409 cx
485 4361 546 4409 libro
562 4361 658 4410 llaurici
674 4363 703 4410 ‹le
719 4360 806 4410 llussia
824 4356 846 4420 ti
867 4357 943 4419 1307)
956 4359 989 4407 dr
1005 4360 1139 4421 prliomute
1149 4360 1272 4408 iratumne
1285 4361 1398 4423 colligere
1413 4361 1511 4415 licebit.

287 4430 327 4479 ubi
342 4444 369 4479 ra
384 4434 442 4481 suut
457 4432 554 4480 numina
574 4432 713 4482 litterarum
734 4431 880 4494 alphabeti:
898 4431 962 4493 Ales
978 4430 1021 4477 tres
1039 4433 1121 4492 pinio!
1140 4431 1215 4478 dulor
1235 4431 1266 4479 lm
1290 4445 1344 4480 uuo
1364 4444 1433 4494 zopu
1448 4432 1512 4482 cloes

287 4502 324 4547 tes
339 4501 384 4550 iod
397 4501 463 4563 cleris
474 4501 565 4550 tanim!
589 4515 657 4552 utem
682 4514 737 4550 nun
762 4501 869 4550 ‚rarriecb
893 4501 997 4563 opusc
1018 4503 1095 4551 (curti
1117 4502 1164 4563 cof
1175 4516 1217 4548 rm
1237 4502 1312 4550 selein
1336 4502 1400 4550 tbuu
1417 4496 1513 4567 (Codex

286 4569 437 4703 Erturteusis
461 4571 634 4635 turpioniauus
653 4574 678 4630 0.
704 4574 764 4634 125,
787 4585 843 4622 saee.
868 4586 905 4629 xv,
923 4572 964 4622 iol.
987 4574 1046 4623 tit.
1071 4574 1139 4623 lluuc
1159 4573 1231 4623 uobis
1250 4577 1335 4624 uotum
1355 4573 1413 4623 iecit
1432 4571 1460 4624 ll.
1483 4572 1508 4624 Ρ.

286 4642 376 4693 [lanitio
392 4684 396 4692 .

322 4716 345 4762 3.
360 4712 481 4764 Numerus
497 4715 552 4764 anni
571 4715 648 4773 leot,
664 4713 753 4764 additis
768 4718 794 4775 i,
810 4714 880 4764 elicii
901 4728 993 4763 nuinuu
1020 4715 1096 4769 t‘tlt.
1115 4715 1156 4777 qui
1180 4712 1288 4764 llebraeis
1307 4727 1387 4764 annus
1406 4729 1419 4764 a
1439 4728 1513 4767 creu-

286 4783 352 4834 tioue
368 4785 451 4835 muudi
468 4786 537 4836 5000
553 4787 690 4847 reputatur.
