3180 5580
511 430 658 475 Nicotaus
680 431 881 477 naniacoma.
1262 418 1300 478 ta

80 566 214 624 uxorem,
231 564 295 626 quie
320 564 344 607 a.
366 545 455 623 toea,
479 546 526 607 die
548 547 585 608 at
610 547 791 623 novembris,
816 548 900 610 obiit.
928 550 1007 611 Bene
1031 568 1099 629 ergo
1123 549 1160 610 H.
1187 549 1300 611 Deniiie

79 648 174 708 sensit
195 653 328 706 nostrum
355 643 432 705 circa
458 645 556 706 saeculi
583 647 739 707 animem
769 649 934 727 scripsisse.
964 647 1089 708 Cursum
1116 650 1165 728 qui
1195 648 1302 710 dicitur

80 742 269 822 rythmicum,
286 743 412 803 incuria
435 759 556 802 romana
574 745 713 823 ¹usurpari
730 743 866 819 solitum,
891 744 924 804 ad
946 763 1074 822 unguem
1097 746 1230 826 sequitur
1248 745 1299 824 (de

79 858 138 919 quo
153 839 211 899 rid.
229 837 262 900 N.
270 838 380 912 Valois‚
397 839 476 899 Bion
492 840 543 900 Ec.
559 839 624 914 Clo,
636 847 657 900 t.
672 839 759 914 XLII,
776 840 878 918 1881).
895 841 951 903 Sed
963 861 1018 903 nec
1030 843 1110 902 ilium
1122 844 1299 905 cardinalem

79 938 171 998 inisse
187 955 240 1016 pro
262 946 342 997 certo
364 935 481 1010 trabeas,
503 956 571 997 nam
593 938 716 999 ecclesia
737 938 767 1001 S.
790 937 939 999 Laurentii
955 941 984 999 in
1000 939 1124 1001 Damaso
1143 949 1210 1001 tunc
1227 950 1299 1002 tom-

80 1032 159 1113 poris
183 1051 241 1093 non
266 1033 380 1092 diaconi
403 1033 452 1093 sed
480 1033 642 1114 presbyteri
665 1035 767 1096 titulus
790 1045 863 1096 erat.
886 1036 980 1097 Minus
1002 1038 1091 1114 igitur
1112 1047 1191 1097 recte
1213 1036 1299 1099 Nico-

79 1131 157 1190 laum
175 1138 320 1204 nostrum,
332 1137 434 1209 utpote
451 1130 527 1190 tituli
544 1130 573 1192 S.
591 1129 706 1192 Damasi
723 1131 913 1221 cardinalem,
930 1135 1040 1194 scrinio
1064 1142 1093 1192 et
1113 1133 1299 1197 bibliotheca}

79 1224 195 1287 Sanctae
210 1225 349 1286 Romanae
369 1225 509 1286 Ecclesiae
525 1228 676 1306 praefuisse
692 1230 802 1308 opinati
818 1238 887 1289 srmt
906 1231 1064 1309 scriptores
1080 1229 1141 1290 fere
1157 1233 1297 1308 universi,

81 1339 147 1381 narn
163 1321 255 1382 dehis
268 1320 406 1382 omnibus
421 1322 493 1382 nihii
509 1325 629 1382 omnino
649 1331 774 1384 constat.
792 1324 829 1384 At
849 1324 921 1385 iilud
936 1325 1096 1385 tenendum
1118 1335 1173 1402 cst,
1203 1330 1298 1390 virum

79 1418 313 1480 ecclesiasticum
343 1436 509 1494 romanum,
540 1419 701 1500 imperialis
726 1421 799 1480 auiae
829 1421 1016 1496 familiarem,
1043 1431 1168 1484 exeunte
1192 1425 1298 1486 sacculo

77 1533 121 1576 nii
138 1515 193 1575 hoc
220 1516 362 1593 egissent
384 1515 501 1578 Sacram
522 1513 701 1597 Scripturam
728 1517 883 1578 traditione
905 1517 1041 1579 hebraica
1063 1518 1136 1579 duce
1159 1528 1189 1580 et
1210 1524 1300 1582 corri-

77 1621 161 1689 geret
177 1621 206 1674 et
221 1614 477 1694 interpretaretur.
