3180 5580
403 495 440 538 DE
463 492 794 538 lnrsurusrnrlolllsus
817 493 1055 539 ninlslsnslssUS.
1133 508 1134 512 ’
1291 482 1328 543 ‘23

106 629 153 665 aaa.
176 627 218 664 eu..
241 627 291 664 ena
313 626 356 663 on.
382 613 402 665 si
423 612 522 663 alicubi
542 612 678 678 simplices
698 616 745 664 ant
763 614 924 677 compositas
945 614 1082 666 inueneris
1104 628 1159 667 nou
1177 618 1327 672 mireris...

107 703 172 754 item
193 701 323 752 dictiones
342 701 483 752 terminate
501 701 530 751 iu
550 714 594 761 pm
615 699 726 764 pluralis
746 702 850 751 numeri
867 703 893 752 et
914 703 1023 764 generis
1042 702 1183 755 masculini
1200 718 1329 758 essenon

107 790 273 851 dubitantur,
294 802 348 854 que
368 801 433 840 nero
453 790 481 839 iu
501 788 556 850 otia,
580 788 691 853 pluralis
711 786 801 838 itidem
819 790 922 839 numeri
943 793 969 840 et
984 793 1092 853 generis
1109 791 1236 844 feminini.
1255 795 1334 847 lune-

106 880 221 930 niuutur
234 881 324 929 tamen
339 878 480 942 utriusque
494 877 694 928 terminaciouis
714 876 803 940 alique
818 875 949 929 dictiones
965 879 991 928 in
1011 893 1123 931 numero
1139 881 1278 944 singulari.
1298 883 1333 934 lle

107 965 207 1017 ceteris
223 969 313 1016 autem
329 965 566 1017 termiuacionihus
578 977 639 1016 cum
653 977 742 1031 neque
758 965 852 1017 beatus
868 966 1014 1018 ieronimus
1028 968 1090 1019 ἰηάθ
1105 969 1206 1034 aliquid
1221 970 1329 1036 dixerit,

108 1065 160 1104 uos
174 1066 229 1104 nou
243 1066 393 1118 possumus
409 1055 496 1104 certas
512 1052 619 1116 regulas
635 1053 786 1116 assignare.
798 1093 804 1105 .
816 1091 841 1106 ..

148 1209 259 1270 lterum
277 1209 312 1269 ad
329 1210 600 1290 pronuntiationem
616 1213 794 1270 revertitur:

144 1378 217 1430 Nunc
232 1382 321 1431 autem
335 1379 466 1445 quomodo
481 1379 572 1442 legere
586 1379 648 1444 quis
664 1378 752 1429 ualeat
766 1378 928 1442 liebraycnm
943 1381 1001 1433 siue
1017 1382 1127 1435 doctore
1143 1388 1168 1434 cl
1185 1396 1219 1434 ex
1236 1397 1334 1447 magna

107 1471 184 1532 parte
200 1468 350 1532 intelligere
365 1467 529 1519 intendimus
545 1467 666 1519 edocere.
681 1468 822 1518 Sciendum
838 1469 918 1532 igitar
932 1470 1053 1534 inprimis
1063 1471 1135 1537 quod
1149 1473 1230 1535 alepi
1245 1472 1334 1523 littera

107 1570 162 1609 non
178 1559 263 1621 magis
279 1559 356 1608 sonat
372 1570 389 1605 e
406 1555 527 1607 aocalem
542 1568 620 1620 quam
637 1570 651 1604 e
668 1555 712 1607 uel
728 1555 806 1606 aliam
822 1558 968 1622 quamlibet
984 1559 1113 1621 uocalem,
1131 1563 1172 1611 set
1189 1575 1237 1625 per
1251 1573 1335 1626 appo·

107 1647 232 1696 sirionem
245 1648 408 1709 punctorum
419 1646 463 1696 nel
475 1644 641 1708 uirgularum
652 1659 704 1712 qne
718 1646 849 1709 premissa
865 1653 928 1699 suut
943 1647 1030 1700 reddit
1045 1663 1173 1701 sonum„
1187 1651 1251 1699 neto
1267 1664 1332 1702 uero

108 1747 131 1797 si
146 1745 242 1797 lrabeat
256 1750 387 1811 puuctum
406 1746 547 1810 paruulum
563 1747 634 1798 iutra
654 1760 684 1798 se
703 1748 820 1811 positum
834 1748 884 1799 hoc
906 1751 983 1802 modo
1001 1766 1007 1800 :
1028 1743 1066 1814 3,
1083 1749 1154 1802 ualet
1175 1751 1245 1802 idem
1261 1751 1333 1816 quod

108 1833 182 1885 ualet
196 1835 211 1882 l>
227 1834 299 1899 apud
313 1833 425 1895 latinos;
447 1835 470 1885 si
485 1837 574 1886 autem
590 1838 718 1899 punctum
739 1834 881 1899 paruulum
896 1837 969 1889 intus
989 1852 1042 1890 uon
1058 1838 1139 1890 luerit
1154 1840 1201 1890 sed
1218 1840 1332 1904 paruula

107 1936 214 1998 uirgula
224 1935 340 2003 desuper
354 1942 466 1989 extensa
480 1939 593 1989 iacuerit
606 1937 656 1989 hoc
672 1939 748 1989 modo
763 1954 769 1988 :
783 1931 838 2005 2¹,
855 1940 926 1992 ualet
936 1941 1006 1992 idem
1021 1941 1093 2006 quod
1109 1940 1180 1992 ualet
1198 1956 1215 1991 u
1225 1942 1331 2006 qnando

106 2025 135 2075 in
153 2025 241 2076 locum
256 2025 364 2090 ponitur
379 2027 584 2078 consonantis..
603 2027 694 2089 dpmel
704 2040 768 2078 uero
784 2027 993 2091 locooponitur,
1005 2029 1041 2078 ita
1052 2028 1123 2093 quod
1140 2031 1161 2079 si
1173 2029 1219 2079 illa
1229 2032 1329 2093 puncta

107 2126 161 2179 que
176 2113 266 2165 ualent
280 2114 291 2164 i
307 2115 350 2166 uel
366 2129 379 2164 θ
394 2115 439 2166 uel
453 2128 487 2165 eo
503 2119 660 2180 sequautur,
677 2116 716 2165 sic
731 2118 808 2165 sonat
823 2127 884 2166 cum
907 2115 946 2166 eis
965 2114 1098 2180 quomodo
1119 2117 1196 2166 sonat
1212 2131 1228 2178 q
1244 2129 1305 2167 cum
1321 2117 1332 2165 i

108 2203 153 2254 uel
168 2218 182 2254 e
196 2207 328 2270 sequente
343 2219 362 2254 a
377 2206 532 2269 interposita
547 2205 635 2271 aliqua
650 2203 730 2256 latina
746 2203 910 2258 dictione2...
924 2205 1018 2256 Doletlr
1029 2218 1094 2256 uero
1104 2203 1126 2255 si
1138 2204 1232 2256 habeat
1248 2218 1331 2270 puuc-

108 2307 166 2354 tum
185 2304 327 2368 paruulum
346 2306 416 2356 intra
435 2318 464 2356 se
483 2306 599 2369 positum
616 2302 667 2356 hoc
686 2305 787 2356 modo:
808 2293 845 2369 Ἰ,
867 2305 937 2356 idem
958 2305 1029 2355 ualet
1051 2304 1121 2370 quod
1142 2305 1173 2364 d,·
1196 2306 1218 2355 si
1242 2308 1330 2356 autern

108 2394 239 2456 punctum
254 2392 396 2456 paruulum
411 2405 465 2474 nou
480 2392 559 2442 luerit
574 2393 644 2443 intra
658 2393 775 2455 positum
789 2392 837 2443 sed
851 2393 961 2456 paruula
972 2390 1078 2455 uirgula
1090 2392 1206 2456 desuper
1219 2396 1330 2443 extensa

108 2493 220 2544 iacuerit
239 2490 289 2545 hoc
310 2493 386 2546 modo
402 2509 408 2542 ε
426 2489 462 2556 ·l,
480 2495 549 2545 idem
564 2493 636 2545 ualet
650 2494 720 2559 qaod
736 2494 808 2546 ualet
823 2510 847 2548 s.
864 2495 901 2545 Ηθ
915 2507 979 2545 uero
993 2493 1063 2545 idem
1078 2493 1148 2545 ualet
1164 2494 1235 2558 quod
1248 2494 1276 2557 t,
1291 2495 1329 2546 ita

109 2584 195 2632 tamen
215 2581 287 2646 quod
305 2594 412 2647 semper
430 2584 569 2646 aspiratur.
592 2584 648 2632 dau
667 2595 732 2633 uero
751 2584 774 2633 si
792 2582 886 2633 habeat
906 2584 1036 2646 punctum
1054 2582 1195 2647 paruulum
1216 2584 1285 2634 intra
1298 2596 1328 2634 se

109 2680 224 2744 positum
238 2681 288 2734 hoc
303 2683 379 2735 modo
395 2701 401 2733 ε
419 2674 443 2747 l,
460 2683 529 2734 idem
544 2683 616 2734 ualet
636 2679 717 2748 [quod
732 2678 815 2747 ualet]
831 2682 869 2731 αἰ
884 2681 943 2733 loco
958 2683 1044 2747 posita
1058 2685 1237 2736 consonantis.
1256 2685 1328 2745 Quod

108 2769 131 2819 si
142 2772 272 2832 punctum
283 2771 427 2847 paruulum
434 2781 488 2820 non
498 2769 576 2820 tuerit
588 2771 657 2820 intra
672 2771 788 2834 positum
798 2772 839 2820 set
853 2769 965 2835 paruula
976 2771 1080 2834 uirgula
1091 2770 1206 2836 desuper
1216 2776 1327 2824 extensa

107 2869 217 2921 iacuerit
231 2869 281 2922 hcc
295 2871 373 2922 modo
389 2892 395 2923 ι
412 2864 437 2936 ἰ,
453 2872 524 2924 idem
538 2872 609 2924 ualet
623 2871 694 2938 quod
709 2886 727 2923 u
742 2873 852 2926 uocalis.
868 2875 949 2936 laum
963 2886 1027 2925 uero
1044 2875 1113 2925 ἰάθη]
1127 2874 1200 2926 ualet
1215 2872 1285 2940 quod
1299 2887 1323 2924 r.

105 2958 274 3010 licitantem
289 2959 421 3024 duplicem
437 2958 515 3011 habet
528 2959 725 3026 aspirationem,
746 2962 858 3013 undeet
874 2966 936 3013 nux·
951 2964 1111 3027 interpretes
1126 2963 1188 3029 quia
1203 2964 1231 3013 iu
1244 2975 1325 3027 greco

105 3059 158 3098 uon
177 3050 338 3101 inuenerunt
359 3049 474 3115 aliquam
493 3050 607 3101 litteram
626 3063 678 3115 que
699 3049 833 3114 duplicem
854 3050 962 3103 liaberet
985 3050 1172 3115 aspirationem
1192 3066 1240 3118 pro
1262 3051 1324 3102 tretia

104 3134 201 3187 licureo
211 3138 261 3199 clay
270 3150 380 3201 grecum
393 3151 492 3203 ponere
503 3141 711 3197 consueuerant,
725 3140 794 3189 sicut
805 3139 883 3189 cnoro
893 3153 941 3204 pro
955 3139 1027 3202 torar,
1041 3140 1135 3189 cleared
1149 3140 1321 3204 proteron...

106 3226 187 3275 Ttetlr
200 3239 248 3292 pro
259 3230 269 3277 t
282 3241 387 3293 semper
397 3230 513 3292 ponitur,
526 3230 561 3279 ita
572 3231 661 3278 tamen
671 3227 743 3293 quod
757 3229 796 3279 sic
812 3240 918 3291 semper
932 3226 1073 3290 stringitur
1087 3227 1113 3276 iu
1130 3228 1182 3278 llnc
1198 3227 1322 3279 dictionis

103 3314 173 3364 sicut
188 3318 199 3364 t
213 3316 319 3380 quaudo
332 3316 441 3381 ponitur
458 3317 485 3366 in
506 3317 558 3367 llue
572 3315 665 3367 harum
683 3315 829 3367 dictionum
844 3319 882 3366 tot
898 3316 941 3367 nel
956 3321 1030 3381 quot.
1047 3317 1106 3366 1οεί]
1121 3329 1185 3367 uero
1200 3318 1222 3367 si
1237 3329 1323 3380 punc·

103 3417 158 3464 tum
174 3415 314 3479 paruulum
334 3416 428 3467 lrabeat
446 3414 497 3467 lico
516 3417 593 3468 modo
609 3433 616 3467 ε
632 3409 644 3449 Ἴ
658 3417 678 3482 ⁴,
696 3416 765 3467 ἰάθη]
780 3417 851 3468 ualet
866 3414 949 3483 [quod
964 3415 1046 3483 ualet]
1062 3417 1145 3470 iloco
1160 3418 1245 3482 posita
1260 3430 1323 3469 cou—
1422 3425 1426 3429 '

103 3505 237 3564 sonantis;
252 3505 274 3555 si
290 3507 378 3555 autem
393 3507 522 3580 puuctum
535 3504 608 3555 intus
622 3516 675 3556 non
690 3504 769 3555 luerit
784 3508 826 3556 set
840 3505 952 3569 paruula
962 3505 1065 3570 uirgula
1077 3505 1194 3571 desuper
1208 3509 1321 3558 extensa

101 3603 213 3656 iacuerit
229 3604 279 3656 hoc
293 3605 369 3656 modo
387 3625 393 3656 ;
409 3597 433 3666 l,
448 3605 518 3656 idem
535 3605 606 3657 uniet
620 3606 690 3671 qnod
705 3606 716 3656 i
736 3606 846 3658 uocalis.
864 3605 956 3670 Ctapla
971 3619 1034 3658 uero
1049 3606 1149 3672 duplex
1164 3612 1204 3659 est
1221 3607 1319 3672 littera,

102 3691 172 3742 uude
187 3695 213 3743 et
226 3692 310 3755 prima
325 3704 378 3742 nou
394 3690 444 3743 nisi
460 3693 488 3743 iu
503 3694 633 3758 principio
652 3693 776 3744 dictionis
796 3693 841 3745 uel
860 3695 930 3747 inter
944 3695 1062 3761 reliquas
1084 3695 1185 3746 litteras
1200 3697 1319 3748 eiusdem

101 3779 235 3841 dictionis,
258 3780 375 3831 secunda
397 3784 484 3832 autern
506 3780 598 3832 ultima
619 3782 646 3832 in
670 3782 722 3832 ssuc
741 3780 865 3833 dictionis
884 3781 963 3834 debet
983 3784 1054 3849 poni.
1076 3784 1147 3842 Quod
1166 3785 1188 3834 si
1203 3782 1320 3852 [habeat]

100 3887 228 3948 puuctum
244 3883 386 3947 paruulum
408 3883 475 3936 iutra
494 3898 524 3936 ae
544 3884 593 3935 hoc
608 3884 686 3936 modo
702 3902 709 3935 ε
735 3908 741 3921 .
771 3873 808 3948 3,
825 3885 895 3936 idern
911 3885 983 3937 ualet
998 3887 1069 3951 quod
1085 3885 1155 3937 ualet
1169 3887 1185 3935 l·
1200 3888 1268 3951 apud
1283 3887 1321 3940 la·

100 3970 179 4023 linos.
198 3970 270 4028 Quod
290 3969 311 4022 si
330 3976 459 4037 puuctum
477 3973 620 4054 Qufflm
639 3974 712 4026 intus
732 3986 786 4025 uon
804 3972 882 4024 luerit
898 3976 938 4024 set
959 3973 1071 4038 paruula
1086 3973 1190 4038 uirgula
1205 3976 1320 4040 desuper

99 4074 211 4123 extensa
229 4072 308 4123 luerit
327 4071 377 4125 hoc
395 4073 473 4125 modo
489 4092 495 4126 ε
558 4062 596 4135 D,
611 4074 683 4126 ualet
702 4074 772 4126 idem
786 4075 857 4140 quod
874 4073 965 4140 [nolet]
981 4075 1045 4124 dett
1060 4075 1187 4127 hebreum
1201 4076 1271 4141 quod
1286 4077 1319 4128 άθ

98 4165 207 4224 gulture
226 4174 287 4213 cum
306 4175 401 4226 magno
422 4164 536 4228 impulsu
558 4167 699 4230 aspiratur,
721 4167 790 4217 sicut
809 4179 871 4216 cum
893 4165 1009 4230 aliquis⁵
1031 4167 1137 4229 sputum
1158 4165 1190 4215 de
1209 4169 1318 4228 gutture

99 4251 202 4301 emittit.
220 4251 315 4300 ἰαηιθά
329 4251 398 4302 idom
415 4252 485 4303 ualet
499 4252 570 4318 qnod
584 4255 603 4304 t.
620 4253 678 4303 iden
693 4252 792 4318 duplex
808 4256 848 4303 est
865 4252 958 4318 littera,
976 4254 1059 4317 prima
1073 4254 1101 4304 in
1120 4253 1250 4319 principio
1266 4254 1319 4305 dic·

139 4515 159 4563 1.
178 4512 211 4564 Ε]
225 4529 283 4565 acro
299 4515 392 4578 virgini
407 4518 490 4566 cadem
505 4521 543 4567 cst
557 4530 629 4578 (liram
646 4518 729 4580 ruptae
745 4517 838 4569 llclrraei
853 4521 970 4570 vocitant.

137 4589 160 4635 ἱ).
179 4587 244 4643 Quod
261 4589 418 4648 depravatum
435 4600 489 4637 osse
504 4589 608 4638 videtur.

136 4661 159 4706 3.
178 4655 310 4708 Prounulia
327 4671 332 4705 :
351 4671 373 4707 c.

135 4727 159 4776 l.
179 4726 278 4778 llidelur
295 4732 411 4790 policroni
427 4742 502 4792 supra
515 4730 603 4780 lincam
620 4742 683 4780 csse.

137 4803 159 4848 ὁ.
178 4796 256 4848 Codex
276 4814 281 4847 :
299 4812 359 4848 curo
374 4800 473 4863 alipius
489 4813 548 4849 curu
564 4802 593 4850 ia
609 4801 711 4862 (itique.
