3180 5580
472 485 510 529 ou
533 485 863 530 iurenenurarmmeus
886 487 1122 531 uanrsumsmus.
1191 544 1196 549 ι
1368 473 1406 533 ⁶25

184 599 267 677 quasi
296 599 441 678 quoddam
471 604 682 661 correctorium
708 603 866 687 nominum
888 601 1094 662 hebraicorum
1125 603 1220 665 Sacrae
1248 603 1406 683 Scripturas

183 698 377 757 concinnaret
390 718 397 757 ε

220 830 417 897 Proposnimus,
433 836 455 884 si
470 834 593 885 Dominus
608 835 710 886 dederit
725 837 752 885 et
765 834 820 884 uita
840 847 930 885 comes
944 833 1033 896 luerit,
1049 836 1081 885 de
1096 834 1209 897 siugulis
1227 835 1300 885 libris
1317 836 1408 887 diuino

184 920 318 982 Scripturc
333 920 439 984 singula
457 925 563 974 nomina
578 936 639 975 cum
660 923 784 989 capitulis
805 924 955 974 subiunctis
977 935 1076 988 ponere
1092 927 1117 972 et
1133 921 1280 973 secuudum
1296 920 1409 986 hebray-

184 1020 244 1058 cam
260 1010 398 1061 ueritatem
412 1022 460 1076 pro
475 1023 557 1075 posse
571 1015 662 1062 nostro
677 1012 794 1062 donante
808 1009 916 1061 Domino
931 1010 1081 1061 emendare.

224 1162 303 1223 Nulli
325 1181 395 1242 crgo
418 1164 587 1227 dubitamus
610 1169 681 1245 quin
703 1166 984 1246 interpretationum
1010 1168 1214 1246 parisiensium
1239 1175 1269 1225 et
1293 1165 1404 1245 prologi

184 1262 278 1320 nostri
294 1279 370 1321 unus
390 1268 419 1322 ct
434 1263 512 1323 idem
527 1263 617 1323 iuerit
631 1273 745 1324 auctor.
766 1264 890 1324 Proinde
908 1271 1064 1341 utmmque
1081 1282 1153 1342 opus
1174 1263 1208 1322 ad
1231 1263 1259 1322 id
1281 1266 1404 1322 manime

185 1355 255 1415 lacit
270 1365 301 1415 ut
316 1356 401 1418 nobis
415 1359 599 1419 demonstret
615 1378 679 1438 quae
694 1361 848 1420 iloruerint
864 1363 891 1419 in
908 1363 1096 1420 universitate
1113 1361 1265 1438 parisiensi
1285 1361 1405 1419 ineunte

186 1470 278 1528 regno
293 1451 430 1514 LudovIci
446 1453 485 1514 lx
500 1454 595 1514 studia
611 1454 758 1514 hebraica.

227 1547 489 1628 interpretationes
505 1557 562 1609 tam
577 1550 805 1629 hieronymianae
826 1570 912 1629 quam
933 1553 1107 1630 parisienses
1124 1552 1223 1611 multis
1245 1552 1338 1611 modis
1359 1568 1405 1609 va·

186 1645 372 1719 rimosum,
397 1645 448 1705 sed
474 1665 541 1706 cum
571 1665 586 1705 a
613 1646 799 1706 varietatibus
830 1647 885 1706 illis
915 1648 1043 1707 studium
1074 1648 1233 1728 discipline
1262 1647 1405 1706 hebraicae

186 1757 307 1819 prorsus
326 1738 464 1816 abluerit,
481 1760 536 1801 nos
558 1743 586 1800 in
608 1741 780 1801 minusculis
802 1742 857 1801 illis
880 1762 938 1802 uon
962 1743 1194 1803 immorabimur.
1213 1743 1286 1803 lllud
1308 1753 1406 1801 tamen

186 1833 367 1911 notabimus,
393 1854 502 1896 nomen
527 1836 651 1914 Remigii
677 1838 933 1898 Altissiodorensis
952 1840 990 1916 l†
1010 1857 1036 1898 c.
1053 1840 1136 1915 908),
1158 1840 1234 1918 quod
1257 1838 1406 1899 nonnullis

186 1930 338 1992 codicibus
371 1933 648 2014 interpretationum
692 1936 896 2014 parisiensium
932 1937 1110 2014 imponitur,
1145 1955 1259 1997 merum
1295 1936 1406 1995 referre

186 2044 349 2088 sommum.
