3150 5558
467 488 504 531 on
525 486 737 531 etcinerem-si·
763 488 928 531 intercessi
1282 473 1316 533 Ξῖ

57 614 136 671 scm,
170 616 295 659 noram
328 602 529 681 capitulorum
548 602 725 663 divisionem
755 608 972 681 etcontatissc.
990 604 1052 664 Noa
1071 620 1168 664 taurea
1185 624 1317 663 asserere

57 692 218 755 audemus
244 695 335 755 illam
357 716 425 776 quae
445 697 674 777 procurantibus
696 701 894 759 uniuersitatis
916 702 1034 761 aseris
1057 702 1185 775 ιιιιιςιιι
1209 714 1251 759 cst
1275 721 1318 759 sa-

57 806 191 849 crorum
217 790 396 853 Bibliorum
417 794 579 853 editionem
599 814 634 855 ex
654 794 841 853 librariorum
860 800 1066 874 parisiensium
1083 810 1244 875 scriptores
1260 810 1317 855 sta-

60 884 116 943 tini
134 887 230 963 quasi
249 887 435 951 instructam
457 900 486 948 et
509 892 655 950 munitam
672 893 788 951 exiisse.
811 890 884 951 ιῖιιιιι
909 894 987 951 cmm
1007 904 1191 971 coitrpertmn
1213 892 1319 950 lrabea-

59 1000 132 1042 mus
151 1000 208 1044 eas
225 1002 299 1064 quoe
316 1004 388 1047 cum
404 986 535 1047 editione
546 990 702 1067 parisiensi
714 988 823 1047 socium
841 990 1098 1067 interpretation-s
1110 1008 1186 1047 amm
1198 990 1316 1049 deiunm

60 1078 149 1141 test
169 1082 206 1141 in
229 1100 348 1163 corpus
372 1084 508 1143 redactas
532 1102 610 1147 esse.
633 1094 661 1143 et
682 1104 750 1145 curu
779 1087 948 1145 noiericuas
976 1086 1039 1144 lece
1068 1086 1227 1145 discrima
1253 1104 1317 1143 esse

60 1178 292 1239 intertextum
308 1181 362 1259 qui
384 1180 421 1241 ab
444 1184 635 1241 universitate
658 1182 766 1241 dicitur
787 1192 898 1243 etcum
922 1186 970 1261 qui
994 1186 1114 1241 ineante
1137 1184 1243 1241 seculo
1267 1200 1318 1242 ,ιιιι

60 1273 200 1335 Parisiis
232 1277 523 1341 circumferebatur.
553 1279 716 1339 editionem
749 1292 878 1339 nostram
902 1282 1095 1357 conjiciemus
1120 1280 1259 1359 purletim
1285 1300 1319 1337 et

61 1371 234 1451 prioribus
250 1376 437 1449 excrevisse,
454 1376 506 1437 sed
523 1376 610 1456 paulo
626 1388 691 1456 post
707 1396 815 1436 anirum
836 1376 910 1437 tert
927 1396 991 1435 eam
1007 1396 1092 1455 urrann
1111 1378 1210 1435 ractiltis
1227 1394 1318 1435 saccu-

59 1468 100 1527 lis
119 1471 231 1529 tenuit
248 1470 384 1532 formam
401 1472 580 1533 obtinuisse.

103 1565 155 1625 lle
175 1576 266 1627 textu
282 1570 447 1648 parisiensi
462 1578 492 1629 et
508 1569 545 1629 de
561 1570 798 1630 correctionibus
814 1572 878 1647 ejus
893 1570 1056 1629 audiemlus
1073 1570 1171 1631 licaeo:

99 1718 174 1773 b'am
195 1724 298 1773 textus
319 1726 363 1775 est
384 1736 434 1788 pro
452 1726 545 1789 majori
565 1732 640 1789 parte
654 1732 799 1791 correptus
818 1724 978 1775 lantibib'tr
997 1726 1024 1775 iu
1040 1724 1185 1787 exemplari
1201 1724 1319 1787 valeam.

58 1805 117 1859 boo
134 1810 184 1859 est
200 1809 366 1873 parisiensi.
382 1808 412 1861 lit
433 1810 480 1861 ubi
498 1810 644 1862 nonhabet
662 1814 869 1876 corrupti-inem.
891 1811 967 1861 heb-:t
986 1818 1073 1861 tamen
1093 1812 1318 1861 ceincias-ai...

58 1898 89 1946 et
106 1894 177 1948 haec
191 1896 335 1949 dubitatio
349 1900 475 1951 nascitur
487 1912 521 1950 ex
532 1902 706 1951 contentione
716 1906 907 1951 correctorum.
924 1901 969 1965 qai
984 1908 1046 1964 quse
1065 1909 1126 1949 sunt
1143 1900 1258 1949 tector-:s
1273 1912 1320 1963 per

57 1982 220 2049 mundum,
244 1988 286 2037 tot
306 1990 373 2037 sunt
394 1992 569 2049 correctores,
592 2000 640 2039 sen
661 1985 744 2050 magis
764 1996 945 2051 corruptores.
964 2030 969 2037 .
993 1986 1053 2037 iani
1069 1988 1179 2052 antiit-ct
1197 1988 1279 2037 lector
1293 1988 1320 2035 ia
1410 2000 1418 2013 ·

58 2070 169 2123 ordine
184 2072 332 2125 minorum
347 2074 461 2138 corrigit
475 2080 504 2127 ut
519 2074 588 2137 ιιιιι.
605 2080 631 2125 et
647 2074 770 2125 similiter
790 2074 858 2139 apud
880 2076 1076 2139 predicatores.
1093 2080 1117 2123 ct
1135 2076 1227 2123 eoi-:an
1243 2090 1285 2123 :ao
1295 2074 1320 2123 io

59 2159 237 2225 mulares,
250 2164 279 2213 et
290 2160 409 2227 quilibet
424 2166 507 2213 mutat
517 2162 589 2227 quod
605 2174 658 2213 non
668 2162 807 2225 intelligit:
820 2162 890 2227 quod
902 2176 954 2211 nou
965 2162 1026 2212 licet
1039 2164 1065 2211 in
1080 2162 1155 2211 libris
1171 2170 1306 2225 poetarum

60 2248 116 2301 Sed
136 2248 351 2314 praedlcatores
371 2250 488 2301 maxime
505 2250 709 2301 intmmiserunt
729 2263 758 2299 sc
778 2249 811 2299 dc
831 2249 879 2301 hac
896 2252 1071 2300 correctione.
1087 2252 1178 2311 etjam
1199 2256 1260 2299 sarni
1277 2247 1320 2297 XX

59 2337 131 2389 anni
155 2338 188 2389 et
208 2336 323 2403 plnres,
344 2338 420 2403 quod
438 2348 667 2403 presumpserunt
688 2338 777 2389 tacere
796 2351 870 2388 suani
890 2340 1093 2387 reerectionem.
1114 2346 1139 2386 et
1161 2336 1319 2399 redegeram

61 2437 126 2477 eom
140 2425 175 2477 in
191 2424 321 2491 scriptis,
339 2424 394 2477 Sed
407 2428 499 2492 postea
515 2426 636 2477 iecerunt
648 2425 727 2477 aliam
738 2425 771 2476 ad
786 2424 999 2489 repoibaaonen
1013 2424 1096 2474 iliius.
1108 2428 1133 2473 et
1151 2424 1226 2474 uio-io
1241 2422 1322 2473 ricit-

10 2503 12 2553 ἶ
62 2510 123 2565 lant
140 2510 213 2579 plus
229 2525 319 2579 qnam
332 2512 392 2575 alii,
410 2514 563 2565 nescientes
578 2512 624 2563 ubi
640 2512 692 2563 sint
704 2514 749 2563 ¹...

107 2666 216 2744 ldem,
235 2668 271 2727 in
289 2668 389 2745 Opere
405 2670 514 2744 maiori
523 2688 534 2728 .·

30 2892 33 2897 .
102 2822 187 2874 tinde
202 2834 273 2873 cunr
288 2820 324 2873 ad
340 2820 488 2873 duodecim
502 2833 586 2873 annos
605 2820 794 2885 predicatores
813 2819 972 2883 redegerunt
989 2820 1180 2871 correctionem
1195 2820 1221 2868 iu
1237 2818 1321 2881 scrip

72 2910 152 2973 turio,
175 2912 239 2975 jam
253 2912 398 2962 venerunt
417 2909 463 2960 alii
477 2912 502 2959 et
521 2920 616 2961 nocam
630 2909 820 2959 ordinaverent
836 2908 1037 2957 correctionem.
1054 2918 1113 2970 qua
1127 2906 1244 2955 continet
1261 2902 1321 2967 plus

73 2996 223 3049 medietate
238 2998 328 3048 unius
341 2994 447 3059 bibliae,
463 2998 489 3047 et
509 2999 572 3062 quia
586 2997 677 3047 rident
693 3010 721 3046 se
736 3009 841 3047 errasse
861 2998 888 3045 in
904 2997 1011 3060 anitiqua
1027 2994 1202 3045 correctione
1215 2994 1270 3056 jam
1285 2991 1322 3042 te

78 3088 177 3137 uerunt
192 3086 303 3137 statuta
318 3082 397 3151 quod
412 3083 505 3135 nullus
518 3086 542 3135 ei
558 3083 691 3135 adhaereat
703 3084 724 3135 ².

113 3238 190 3311 Quae
207 3239 317 3299 omnia
334 3242 370 3297 ut
385 3236 494 3297 melius
516 3238 742 3317 perspiciamus,
759 3236 794 3295 ad
819 3238 890 3295 ,leta
917 3234 1112 3315 capitulorum
1137 3231 1321 3311 generalium

77 3334 193 3397 ordinis
208 3334 453 3417 praedicatorum
468 3332 554 3394 nobis
570 3334 783 3393 recurremlum
801 3344 857 3397 est.
872 3332 919 3392 ulii
937 3336 966 3391 ιιι
983 3334 1055 3391 actis
1066 3330 1185 3411 capituli
1202 3348 1323 3403 periera-

79 3432 156 3495 lisa.
175 3432 273 3509 1236,
291 3452 322 3493 c.
340 3432 395 3507 at,
413 3431 478 3491 baec
491 3431 649 3509 leguntur:

112 3588 179 3641 ltem
198 3586 333 3640 volumus
354 3588 385 3637 et
404 3584 562 3637 mandamns
581 3590 609 3636 ut
629 3584 778 3635 secuudum
798 3584 989 3634 correctionem
1009 3596 1088 3647 claram
1108 3582 1208 3631 iaciunt
1230 3580 1323 3629 iratres

82 3675 178 3743 quibam
192 3674 248 3728 boc
262 3674 428 3741 injungitur
442 3674 470 3723 in
489 3674 634 3739 provincia,
651 3672 710 3724 alico
723 3672 812 3723 biblia·
828 3672 928 3723 ordinis
943 3673 1108 3733 corriecmair
1123 3676 1147 3717 ct
1164 3672 1322 3731 purgentur.

118 3830 155 3893 [ιι
169 3850 280 3892 rursus
297 3831 331 3890 in
346 3828 427 3889 actis
442 3827 563 3907 capituli
578 3827 725 3905 generalis
739 3846 767 3887 a.
790 3826 877 3899 troo,
895 3844 922 3884 c.
940 3824 997 3884 ee:

114 3986 178 4039 item
188 3986 401 4038 correctionem
411 3979 581 4033 bibliothecae
597 3992 775 4032 senonensem
787 3992 839 4029 uon
854 3980 1041 4043 approbamus,
1059 3990 1107 4029 acc
1118 3977 1241 4027 colonius
1252 3976 1322 4041 quod

83 4068 173 4127 bobes
186 4072 354 4127 innitantur
369 4068 410 4121 itti
427 4068 587 4121 correctioni
598 4068 619 4120 ³.

115 4232 155 4295 Ex
169 4232 218 4293 bis
235 4226 392 4291 omnibus
409 4223 485 4285 illud
504 4223 642 4302 colligere
664 4224 744 4297 licet,
769 4226 893 4303 primam
911 4223 1126 4282 correctionem
1149 4237 1227 4277 :iano
1251 4218 1325 4277 tcto

42 4396 45 4401 .
83 4329 244 4391 institutam
263 4344 351 4399 esse,
371 4332 404 4385 el
421 4321 542 4383 costlem
560 4322 666 4381 iratres
682 4321 890 4400 praedicatores
907 4322 983 4377 circa
1000 4336 1110 4377 attimar
1131 4316 1205 4375 icio
1221 4333 1326 4373 secam-

80 4484 300 4497 -ῃ-,σ--η

62 4618 65 4623 .
111 4582 130 4630 ι.
146 4580 195 4645 Ep.
214 4576 260 4630 ad
274 4574 458 4625 clericalem
476 4572 520 4621 ti'.
537 4570 615 4635 llodp,
630 4584 654 4632 p.
671 4570 798 4619 tio-iia.
826 4568 889 4617 ιιι-ιιι
904 4569 988 4617 iisdem
1003 4566 1085 4615 uerbis
1099 4566 1124 4615 iu
1140 4566 1323 4627 operetta-tio.

79 4654 221 4787 opem
239 4718 361 4779 anojecr,
380 4714 426 4763 ed.
443 4710 515 4760 lebb.
531 4724 554 4771 p.
576 4712 614 4759 t‘i.

104 4792 125 4846 3·
143 4792 265 4846 „Mne
282 4792 313 4840 a
330 4782 456 4841 flul-and!
475 4780 768 4839 T11031.p2715p00·ur‚1‚
786 4778 821 4827 ll'.
839 4794 862 4840 p.
884 4780 946 4826 1ιὶῖό
967 4782 990 4825 cl
1010 4778 1091 4829 titi:
1110 4774 1208 4825 ttenitte.
1226 4788 1249 4835 p.
1263 4774 1322 4823 isi.
