3180 5580
620 864 735 937 PARS
768 862 985 937 SECUNDA

356 1099 399 1150 DE
421 1098 793 1153 ΙΝΤΕΗΡΒΕΤΑΤΙΟΝΙΒΗΒ
814 1099 980 1153 ΝΟΜΙΝϋΜ
1003 1099 1243 1153 ΗΕΒΒΑΙΟΟΗΗΜ

745 1333 853 1345 —--.....

604 1642 823 1709 unrlrunun
847 1641 995 1709 PRIMUM

228 1874 268 1920 DE
296 1871 661 1921 tnrenrnernrton'tuus
687 1838 918 1921 nubuntcbnun
942 1872 1091 1921 NOMINUM
1116 1871 1373 1921 ntenonrutnnrs

387 2005 429 2052 ΕΤ
454 2005 496 2052 DE
521 2005 710 2054 GLOSSAHHS
738 2005 923 2062 QUIBUSDAM
948 2004 1206 2053 VETUSTIOHlBUS

225 2216 267 2278 De
284 2217 497 2295 significatione
514 2235 616 2277 eorum
633 2234 697 2296 quae
712 2219 742 2276 in
759 2215 844 2278 Sacra
867 2215 1017 2295 Scriptura
1040 2214 1177 2292 leguntur
1194 2216 1349 2274 nominum
1373 2233 1412 2274 ex

185 2314 331 2376 hebraicis
348 2312 495 2374 radicibus
517 2313 646 2374 eruenda
671 2312 789 2374 solliciti
813 2313 933 2372 luerunt
957 2311 1046 2373 totius
1068 2312 1156 2372 medii
1180 2314 1233 2371 mvi
1257 2312 1409 2387 homines,

130 2395 134 2404 ¹
185 2412 264 2472 nulla
282 2421 380 2472 tamen
395 2419 465 2471 aetas
480 2413 510 2470 in
527 2410 671 2488 ejusmodi
686 2407 939 2470 lucubrationibus
962 2411 1052 2486 magis
1075 2407 1217 2469 laboravit
1237 2427 1324 2487 quam
1350 2417 1412 2468 ter-

184 2511 258 2569 tium
275 2508 421 2568 decimum
438 2525 454 2567 a
471 2507 584 2568 Christo
600 2515 668 2566 nato
685 2505 836 2566 saeculum.
854 2505 909 2569 Sed
930 2523 996 2565 cum
1018 2505 1112 2583 major
1131 2523 1198 2585 pars
1218 2522 1321 2565 eorum
1342 2522 1410 2583 quae

186 2605 358 2686 posterioris
373 2605 426 2665 aevi
448 2602 616 2664 hominibus
631 2602 667 2662 de
688 2603 732 2662 his
748 2601 837 2662 rebus
860 2604 1052 2661 innotuerunt
1076 2601 1110 2661 ad
1132 2620 1220 2681 opera
1246 2599 1277 2662 S.
1302 2601 1411 2663 Hiero·

184 2702 264 2782 nymi
286 2702 366 2762 velut
390 2701 424 2761 ad
449 2702 562 2762 iontem
588 2700 760 2780 primarium
786 2700 918 2771 redeant,
944 2697 1029 2760 nobis
1052 2697 1089 2759 de
1111 2697 1409 2779 interpretationibus

184 2801 412 2877 hieronymianis
426 2807 494 2859 ante
510 2800 607 2858 omnia
622 2801 722 2879 paucis
737 2797 894 2858 dicendum
911 2799 978 2858 erit.
1037 2821 1041 2829 ·

224 2897 254 2960 S.
272 2897 441 2976 Hieronymi
457 2899 491 2957 de
506 2898 748 2974 Interpretotioue
763 2898 967 2957 hebraicorum
981 2897 1134 2954 uaruicum
1145 2903 1175 2954 et
1185 2895 1219 2953 de
1235 2892 1301 2953 Situ
1312 2899 1339 2953 et
1352 2912 1409 2955 uo·

183 2997 312 3055 minibus
325 2997 458 3055 locorum
479 2996 682 3055 hebraicorum
698 2993 763 3053 libri
781 2996 984 3053 onomasticon
1000 3011 1127 3067 sacrum,
1145 3001 1176 3051 et
1195 2991 1266 3052 illud
1282 2991 1406 3070 quidem

185 3094 302 3152 maximi
327 3093 424 3172 pretii,
449 3091 600 3164 efficiunt3
624 3092 674 3151 sed
698 3092 795 3149 minor
819 3109 885 3170 pars
908 3108 1010 3149 aarum
1033 3108 1097 3168 quae
1114 3091 1142 3148 in
1163 3098 1288 3168 utroque
1314 3106 1407 3168 opere

184 3190 370 3251 adducuntur
384 3188 626 3268 etymologiarum
650 3188 684 3247 ad
700 3187 910 3266 Hieronymum
926 3195 1077 3247 auctorem
1097 3185 1233 3247 redeunt.
1250 3185 1407 3247 Tractatus
1427 3258 1431 3265 Ι

184 3289 347 3367 praesertim
377 3305 464 3365 quem
493 3289 527 3346 de
555 3287 797 3363 interpretatione
826 3285 1032 3345 hebraicorum
1062 3287 1216 3343 demittunt
1239 3285 1406 3362 contenuit,

184 3383 307 3443 mixtum
323 3402 396 3464 opus
412 3392 441 3443 et
456 3402 489 3443 ex
505 3385 670 3460 omnigenis
685 3381 839 3442 clementis
862 3382 1105 3460 conglutinatum,
1130 3381 1200 3441 nihil
1221 3389 1266 3441 est
1285 3383 1343 3441 nisi
1364 3381 1409 3442 la-

184 3485 243 3541 tina
260 3484 405 3542 enarratio
422 3481 631 3541 nonnullorum
647 3498 809 3558 graecorum
831 3481 1040 3558 glossariorum
1063 3497 1127 3559 queo
1147 3480 1181 3540 ad
1206 3478 1359 3540 Philonem
1377 3488 1408 3541 et

183 3579 216 3638 ad
241 3578 398 3657 Origenem
430 3578 608 3639 referuntur.
640 3577 682 3639 lbi
718 3577 799 3655 juxta
831 3579 1009 3639 lautissimas
1041 3577 1181 3655 quasdam
1213 3576 1406 3655 etymologias

182 3677 328 3755 allegoriis
344 3674 536 3736 insanissimis
559 3694 707 3736 occurras.
726 3675 806 3736 Haud
833 3694 934 3756 coquus
958 3683 1035 3734 esset
1053 3676 1076 3734 si
1101 3676 1165 3752 quis
1191 3673 1405 3752 Hieronymum

182 3792 330 3833 summum
346 3776 441 3833 virum
458 3773 523 3833 idco
539 3776 727 3854 vituperaret,
745 3773 820 3853 quod
839 3773 963 3832 indoctis
980 3771 1037 3831 illis
1056 3770 1163 3830 litteris
1179 3771 1308 3847 lavisset,
1335 3790 1406 3832 nam

182 3873 289 3951 etipse
312 3889 371 3930 non
395 3872 487 3931 semel
512 3871 664 3948 violentae,
691 3870 797 3950 quibus
821 3867 989 3948 hujusmodi
1011 3865 1079 3927 libri
1106 3877 1230 3944 scatent,
1259 3871 1408 3950 interpre-

185 3971 308 4028 tationes
324 3987 355 4028 se
375 3987 514 4048 respuere
541 3978 662 4030 testatus
678 3979 743 4041 est;
770 3968 821 4029 sed
848 3969 876 4026 in
901 3966 956 4025 hoc
981 3966 1078 4025 minus
1100 3964 1216 4026 ridetur
1237 3965 1405 4052 laudabilis,

183 4065 260 4145 quod
283 4083 342 4125 non
368 4067 463 4145 potuit
488 4067 558 4146 quin
584 4085 718 4145 easquas
751 4062 937 4144 improbabat
968 4081 1058 4139 nugas
1090 4063 1152 4143 ipse
1178 4072 1351 4144 propagaret
1376 4075 1408 4126 et

183 4165 309 4242 posteris
320 4165 402 4241 quasi
419 4164 575 4225 imitandas
593 4164 824 4225 commendaret.
838 4160 897 4222 Sub
914 4160 1085 4239 Hieronymi
1101 4164 1179 4221 enim
1197 4163 1318 4221 nomine
1335 4161 1409 4224 alle·

182 4263 270 4338 goriae
299 4259 516 4322 ridiculissiman
547 4265 576 4322 in
606 4262 713 4323 scholis
736 4263 825 4321 totins
850 4257 1018 4321 Occidentis
1043 4260 1240 4335 invaluerunt,
1258 4278 1329 4339 quas
1353 4263 1407 4340 qui

182 4365 332 4418 excuteret
361 4377 449 4418 nemo
482 4358 695 4421 inveniebatur.
722 4356 763 4417 lta
786 4358 883 4417 evenit
906 4365 952 4430 ut,
976 4376 1043 4417 curn
1072 4356 1103 4419 S.
1130 4357 1299 4435 Hieronymi
1328 4355 1409 4419 liber

183 4456 278 4532 magni
294 4455 389 4516 adhuc
403 4458 442 4516 sit
456 4458 532 4537 apud
548 4460 626 4518 viros
641 4458 743 4518 doctos
760 4457 858 4535 pretii,
881 4455 980 4515 multe
997 4464 1095 4514 tanton
1113 4457 1140 4514 in
1162 4474 1197 4515 eo
1217 4455 1408 4534 reperiantur

181 4554 316 4632 pessimo
341 4555 598 4633 interpretationes
614 4553 664 4614 ubi
680 4570 773 4631 graeca
793 4552 836 4611 rel
853 4552 941 4613 latina
964 4551 1103 4612 voeabula
1126 4552 1160 4612 ad
1185 4550 1340 4612 hebraicos
1358 4571 1408 4614 ra·

181 4649 262 4710 dicos
274 4650 465 4725 reducuntur,
483 4661 585 4731 utputa
607 4652 800 4712 Adrumetina
821 4652 953 4711 dividens
968 4652 1143 4720 sublimiter,
1167 4651 1211 4709 vel
1228 4648 1406 4728 etymologia

183 4749 360 4827 mysticoqui
376 4747 485 4808 dicitur
499 4751 598 4809 sensui
615 4751 652 4809 ita
670 4750 801 4823 inservit,
820 4756 851 4808 ut
867 4748 991 4827 exempli
1002 4750 1092 4825 gratia
1106 4749 1257 4829 ngyptum
1269 4747 1419 4809 tenebras
