3180 5580
718 652 855 735 QUAM

182 888 569 1068 rourum
609 926 934 1069 nircum
971 922 1395 1078 ruratica

442 1247 778 1309 HAssuEmNu
813 1221 1137 1309 CHRIS'TIANI

280 1507 444 1597 MEDll
473 1506 581 1592 AElll
610 1506 976 1591 TEMPORIBUS
1005 1506 1062 1589 IN
1093 1503 1298 1589 GALLIA

504 1801 1076 1831 --——-—-w<>04——-

645 2076 761 2164 PARS
787 2092 936 2163 PRIMA

581 2295 805 2350 bultten
840 2297 1002 2350 ῚΕΤΕΒΑ

738 2479 843 2489 ..η-.-

597 2672 815 2742 CbPlTULUM
839 2673 985 2742 PRIMUM

374 2890 414 2938 llll
440 2889 686 2947 QbAEsrtobtath
711 2889 882 2938 HElillblClS
906 2889 939 2936 tit
963 2888 1077 2938 LIBROS
1103 2891 1211 2940 REGUM

224 3066 392 3146 preceptor
407 3066 497 3126 medii
511 3068 576 3142 aevi,
593 3065 669 3145 quod
685 3066 720 3126 acl
736 3085 783 3126 res
798 3066 913 3128 Veteris
928 3065 1107 3127 Testamenti
1132 3068 1248 3143 attinet,
1274 3067 1328 3127 luit
1351 3067 1399 3129 ille

183 3183 241 3244 quo
257 3166 344 3224 ctiam
361 3181 414 3225 nos
429 3166 459 3225 in
476 3164 575 3224 multis
586 3163 707 3224 doctore
723 3164 844 3237 utimur,
857 3161 887 3225 S.
899 3163 1104 3243 Hieronymus.
1116 3163 1205 3243 Cujus
1223 3164 1401 3238 Quartiooca

182 3263 324 3322 bebroicae
338 3264 370 3320 in
389 3261 533 3333 Genesim,
551 3279 691 3322 unacum
707 3259 807 3321 libello
822 3262 856 3320 dc
873 3262 955 3321 bocio
969 3264 1081 3322 coactio
1097 3271 1126 3322 et
1143 3280 1210 3322 cum
1220 3263 1403 3340 Interpreta-

183 3360 312 3419 tr'om'boe
326 3359 484 3431 hebraicis,
506 3357 571 3418 lons
592 3359 755 3438 praecipuus
776 3357 895 3418 luerunt
915 3377 950 3418 ex
973 3377 1029 3438 quo
1053 3361 1180 3419 manarit
1199 3359 1224 3419 si
1245 3359 1313 3439 quid
1339 3361 1401 3420 reri

184 3465 214 3518 et
237 3457 357 3534 genuini
388 3455 546 3516 hebraismi
571 3456 647 3534 apud
673 3462 806 3533 ercgctas
832 3473 890 3516 non
917 3458 1003 3517 unius
1027 3457 1126 3518 saeculi
1152 3458 1310 3518 invenitur.
1337 3458 1401 3520 Non

184 3552 284 3614 omnia
299 3562 408 3628 temen,
425 3571 490 3632 quae
505 3551 558 3613 sub
570 3555 689 3613 nomine
704 3553 768 3632 ejus
779 3553 903 3613 llorente
916 3554 1012 3614 mcclio
1027 3572 1088 3614 aevo
1105 3553 1398 3630 circumferebantur,

183 3651 220 3712 ool
243 3669 310 3711 eum
336 3650 472 3711 redeunt.
499 3650 690 3711 Inveniuntur
714 3651 793 3710 enim
818 3651 895 3710 inter
917 3652 1014 3730 spuria
1040 3653 1134 3712 sancti
1159 3650 1287 3712 doctoris
1313 3671 1401 3732 opera

184 3748 277 3809 libelli
292 3750 326 3808 de
344 3749 556 3821 Quartiooibao
575 3749 720 3807 lccbroicic
739 3750 771 3808 ia
791 3749 882 3807 libros
899 3748 1010 3823 liccam
1029 3755 1058 3808 et
1079 3750 1337 3825 Paralipomenon,
1353 3751 1403 3830 qui

185 3847 295 3905 mirum
309 3854 451 3925 quantum
467 3843 502 3905 ab
517 3846 581 3924 ejus
597 3845 661 3924 styli
678 3845 775 3905 indole
787 3845 953 3905 discedunt.
965 3845 1043 3918 Quos
1055 3845 1197 3924 evulgavit
1207 3845 1401 3921 Martianaeus,

186 3959 309 4022 operum
326 3941 356 4005 S.
374 3941 542 4021 Hieronymi
558 3942 652 4002 eclitor
671 3944 919 4003 accuratissimus.
941 3941 997 4003 Sed
1020 3962 1074 4003 nos
1088 3942 1125 4003 de
1141 3950 1225 4004 aetate
1241 3943 1308 4004 libri
1326 3944 1403 4004 illius

187 4038 322 4100 dubitare
344 4040 466 4100 minimo
491 4058 659 4120 possumus,
683 4059 750 4100 cum
772 4047 879 4100 testem
902 4039 1062 4101 habeamus
1085 4039 1235 4101 Rabanum
1259 4040 1402 4117 Maurum,

186 4137 290 4198 iisdem
306 4155 407 4198 secum
422 4135 605 4216 temporibus
620 4139 726 4198 vixisse
742 4147 891 4199 erratorem
907 4147 1041 4199 nostrum
1058 4157 1248 4218 anonymum,
1266 4157 1353 4218 quem
1374 4140 1403 4199 in

186 4233 357 4315 praelatione
373 4237 578 4295 commentarii
595 4237 625 4295 in
645 4234 735 4296 libros
756 4235 868 4313 llegum
890 4235 1035 4296 Luclovico
1051 4235 1102 4295 Pio
1123 4234 1257 4315 inscripti
1274 4236 1318 4296 his
1339 4253 1405 4295 rer-

185 4331 242 4407 bis‚
261 4340 290 4392 et
305 4350 405 4392 rursus
417 4331 523 4392 iisdem
540 4332 673 4412 repetitis
688 4332 808 4394 vocibus
818 4335 848 4393 in
859 4333 1030 4414 praelatione
1046 4334 1250 4394 commentarii
1267 4335 1297 4394 in
1312 4331 1404 4393 libros

185 4429 442 4511 Paralipomenon,
459 4431 596 4492 adducit:

222 4583 349 4637 Praeterea
369 4584 470 4637 ilcbraei
485 4585 625 4649 cujusdam
644 4584 778 4637 modernis
792 4584 958 4651 temporibus
971 4585 1000 4637 in
1019 4585 1132 4639 scientia
1146 4584 1215 4650 legis
1229 4586 1348 4639 lloreutis
1363 4599 1405 4638 ca-

186 4671 271 4738 pitula
285 4673 453 4726 traditionem
469 4674 638 4726 ilebraeorum
652 4673 777 4726 babentia
792 4688 845 4726 nou
860 4676 953 4740 paucis
967 4675 1033 4729 locis
1048 4674 1127 4727 simul
1137 4687 1198 4727 cum
1213 4680 1277 4727 uota
1290 4676 1405 4728 nominis

185 4773 246 4826 cJus
260 4774 370 4816 inserui.

293 4877 391 4909 brutium
406 4876 543 4908 MERUM.
1288 4875 1296 4909 1
