3180 5580
461 459 498 502 DE
522 460 857 505 lnranensnnnioninas
880 460 1130 505 atanasininnis,
1368 448 1402 508 Π

184 574 228 633 ael
248 573 470 633 tribulationem
489 575 656 649 significare
674 574 754 634 mille
769 577 854 635 annis
870 584 935 655 post
956 574 1167 654 Hieronymum
1184 578 1303 636 nemine
1320 595 1407 657 repa-

184 679 292 746 gnante
310 688 361 749 pro
378 678 458 729 certo
474 668 606 729 habitum
622 673 671 730 sit.

223 766 728 845 Interpretationeshieronymianae
752 758 852 827 multis
877 766 972 827 modis
995 786 1011 827 a
1036 768 1206 846 primordiis
1232 768 1321 828 medii
1351 771 1403 829 aevi

185 866 300 923 variata
315 869 394 938 suut,
413 865 451 922 ita
467 872 499 922 ut
514 882 548 923 ex
565 863 633 940 illis,
646 865 729 924 novis
740 863 915 943 quibusdam
928 864 1081 925 elementis
1092 864 1225 943 adjectis,
1238 883 1297 924 non
1310 867 1405 927 semel

184 961 267 1039 quasi
282 977 389 1019 novum
405 977 478 1038 opus
495 959 671 1019 efficeretur.
689 960 782 1020 Taceo
799 959 834 1019 de
851 962 1017 1037 emulgenis
1034 960 1091 1020 illis
1114 961 1262 1037 glossariis
1279 980 1405 1040 quorum

186 1054 354 1113 thesaurum
372 1055 582 1133 pernoscendae
592 1063 725 1114 veterum
737 1055 898 1134 disciplinae
911 1055 1099 1115 utilissimum
1111 1074 1170 1115 non
1182 1056 1323 1116 irrediocri
1336 1077 1405 1118 cura

186 1158 251 1230 post
266 1149 383 1211 Gustavi
401 1151 494 1210 lioeive
506 1150 620 1210 labores
631 1148 666 1210 G.
684 1149 764 1211 Goetz
775 1157 804 1209 et
815 1149 849 1212 G.
862 1149 1070 1212 Gurrdermann
1087 1150 1194 1231 publici
1208 1152 1285 1229 juris
1296 1153 1407 1231 jamia·

184 1251 267 1307 rilint
279 1254 298 1321 ¹,
317 1250 432 1308 tametsi
450 1251 479 1307 in
495 1250 537 1308 eis
552 1247 692 1306 nonnulla
708 1249 908 1326 reperiuntur,
926 1265 989 1326 qua¹
1006 1247 1040 1306 ad
1052 1249 1186 1306 notitiam
1199 1247 1328 1308 hebraici
1344 1269 1407 1310 ser-

186 1346 282 1403 monis
297 1343 372 1424 apud
389 1343 563 1403 cbristianos
578 1343 720 1402 laclunt².
739 1342 795 1406 Sed
812 1343 958 1421 ejusmodi
979 1342 1091 1420 glossas
1106 1346 1151 1403 vix
1171 1363 1238 1403 cum
1260 1345 1357 1405 fructu
1375 1349 1404 1406 in

184 1440 343 1500 discrimen
359 1441 523 1513 adduxeris,
540 1449 696 1518 antequam
713 1439 879 1500 absolutum
896 1443 933 1500 sit
950 1440 1060 1521 Corpus
1076 1441 1284 1518 glossariorum
1301 1442 1406 1503 latino-

185 1556 263 1596 rum.
289 1538 398 1597 Forsan
422 1546 451 1596 et
479 1537 535 1596 alia
563 1538 651 1596 otiam
677 1539 866 1596 invenientur
893 1538 1033 1614 glossaria
1064 1536 1330 1615 hebraico-latina,
1362 1540 1406 1599 vel

185 1636 273 1692 etianr
292 1635 449 1710 trilinguia,
467 1651 530 1712 quie
545 1642 687 1712 qrnmtum
702 1653 717 1692 a
734 1634 843 1709 vulgari
860 1633 1069 1710 glossariorum
1091 1634 1202 1694 lamilia
1224 1634 1402 1715 discrepant,

186 1738 266 1789 tauto
282 1731 373 1807 inagis
389 1729 423 1789 ad
440 1730 651 1807 Hieronymum
667 1729 822 1790 accedunt.
839 1729 936 1790 Unum
961 1732 1159 1804 excitaverim,
1177 1749 1263 1810 quem
1286 1750 1402 1791 mecum

186 1829 414 1885 communicavit
438 1825 473 1885 H.
501 1824 623 1899 Omont,
650 1828 694 1884 vir
719 1828 749 1885 in
778 1826 912 1906 plurimis
942 1826 1099 1887 excellens.
1132 1825 1312 1888 Glossarium
1339 1828 1406 1888 dico

186 1921 264 2002 quod
281 1924 310 1981 in
327 1922 428 1982 codice
449 1919 635 1981 bibliothecae
655 1921 876 1982 abrincatensis
897 1924 967 1998 iot,
986 1941 1052 1983 saec.
1073 1940 1125 1997 nn,
1148 1923 1199 1982 sol.
1220 1925 1278 1984 155
1296 1931 1324 1983 v⁰
1339 1943 1410 1984 con-

187 2022 308 2094 tinetur,
326 2019 409 2096 cujus
425 2019 512 2078 etiarn
528 2020 623 2097 prima
646 2017 785 2078 vocabula
800 2019 936 2095 Turonis,
954 2021 984 2078 ln
1007 2019 1072 2080 cod.
1087 2021 1136 2092 in,
1157 2038 1225 2079 saec.
1242 2038 1285 2080 nu
1301 2023 1407 2081 ineun-

186 2118 235 2190 tis,
259 2115 310 2175 iol.
328 2117 384 2176 loe
400 2123 438 2191 v⁰,
455 2117 518 2175 sine
536 2115 620 2174 titulo
636 2114 773 2191 leguntur
784 2119 806 2174 ³.
823 2115 906 2186 Qirod
921 2117 963 2175 sic
980 2117 1101 2195 incipit:

421 2305 509 2355 VERBA
527 2318 666 2355 SECUNDUM
685 2317 885 2354 vaoeniarnresi
904 2317 985 2354 TRIUM
1006 2317 1170 2357 pisaurensi.

186 2425 273 2496 [bs]er
613 2444 746 2494 μακαρυως
762 2429 770 2456 ⁴
1037 2426 1133 2478 heatus

184 2508 315 2568 dadama⁵
611 2532 642 2581 γη
1040 2521 1111 2568 terra

185 2609 261 2658 nram
613 2600 725 2663 υυηλος·
1040 2603 1163 2654 excelsus

185 2696 269 2747 arbee
613 2690 721 2756 ὓεσσηρα
734 2691 741 2718 ¹
1039 2695 1153 2756 quatuor

184 2785 245 2833 bl'cr
613 2794 702 2846 οχνους
714 2781 723 2806 ¹
1040 2777 1128 2841 puluis

182 2870 303 2922 Hseneah
614 2881 757 2932 καταπιομα

225 3116 346 3177 Hmima
361 3133 429 3174 vcro
446 3132 511 3194 pars
526 3131 627 3172 aarum
642 3110 816 3189 glossarum,
839 3110 945 3189 qulbus
970 3117 1084 3169 constat
1103 3109 1277 3186 glossarium
1300 3109 1407 3171 Abrin-

184 3223 315 3286 catense,
334 3212 468 3271 videlicet
484 3211 540 3271 2113
556 3229 590 3270 ex
604 3210 671 3284 iis,
690 3226 705 3267 e
722 3207 752 3269 S.
764 3207 943 3285 Hieronymo
959 3209 1058 3286 petite
1073 3213 1152 3266 sunt.
1169 3205 1293 3268 Videtur
1306 3216 1404 3268 tamen

183 3405 398 3417 —-—————

224 3536 245 3585 1.
274 3536 373 3594 Corpus
392 3531 583 3594 glossariorum
602 3528 757 3584 latinorum,
774 3527 822 3576 vol.
845 3525 914 3576 H-Hl.
937 3524 1032 3590 Lipsiae,
1054 3527 1210 3577 issa-1892.
1232 3524 1310 3576 ideas
1330 3528 1403 3576 etiam

184 3606 211 3656 G.
232 3604 317 3667 banc,
335 3602 494 3649 Proclamares
509 3599 626 3661 corporis
640 3598 831 3660 glossariorum
845 3598 1002 3654 latinorum,
1020 3596 1115 3660 Lipsiae,
1132 3599 1207 3661 isio,
1224 3601 1247 3647 et
1262 3595 1286 3646 S.
1304 3595 1402 3664 berger,

188 3680 226 3724 lie
240 3676 377 3735 glossariis
392 3673 416 3719 et
431 3671 594 3732 compendiis
608 3669 748 3729 exegeticis
762 3666 922 3727 prribasdam
939 3666 1021 3715 taedii
1036 3671 1095 3725 arui,
1113 3666 1212 3716 Parisiis
1230 3670 1307 3717 lsis.

222 3750 246 3797 2.
267 3746 321 3794 tide
336 3757 373 3793 cs.
391 3756 428 3806 gr.
450 3743 504 3792 cod.
527 3740 671 3790 Vossiauum
695 3737 834 3787 Leidensem
856 3736 898 3788 iol.
922 3737 953 3787 tt
970 3736 1070 3803 (Loewe,
1092 3752 1115 3799 p.
1141 3736 1209 3801 tbi).
1231 3736 1363 3787 Hebraicas
1378 3739 1403 3788 iu

183 3818 305 3881 glossario
321 3814 423 3862 iirauus
439 3812 596 3874 interpolatas
612 3811 707 3871 glossas
722 3809 818 3871 collegii
834 3822 863 3857 en
878 3808 984 3857 editione
1003 3806 1070 3859 Hel.
1089 3807 1235 3857 llildebrand
1250 3807 1278 3856 H.
1297 3806 1402 3858 llrnusch

184 3892 210 3939 in
230 3887 315 3936 niteret
335 3886 454 3933 itirenani
474 3889 491 3933 t.
519 3881 596 3944 XXX,
619 3894 642 3930 a.
667 3882 745 3943 1875,
766 3894 789 3942 p.
813 3879 873 3935 iia,
896 3879 1002 3928 sedilia
1026 3880 1128 3928 minoris
1151 3878 1267 3929 momenti
1282 3884 1349 3928 sunt.
1369 3879 1401 3928 De

185 3958 307 4010 bebraicis
331 3956 507 4018 glossariorum
526 3953 740 4016 dirrplouiauorum
755 3948 935 4000 Hilarteusium
950 3950 1080 4013 glossisa
1097 3948 1134 3999 ir.
1151 3949 1237 4000 tibbler
1251 3948 1334 4015 edilia,
1352 3951 1402 4012 egit

185 4031 248 4080 idem
264 4029 291 4078 H.
311 4026 414 4076 ltauscb
430 4023 455 4074 iu
470 4026 554 4072 ,tlirsei
569 4030 588 4076 t.
605 4020 694 4075 xxxi.
710 4036 733 4072 a.
754 4023 832 4076 letti,
853 4034 877 4083 p.
900 4019 961 4071 loti.
980 4019 1014 4070 di.
1034 4021 1107 4070 etiam
1129 4018 1156 4071 G.
1177 4018 1265 4086 bene,
1284 4033 1309 4082 p.
1332 4034 1366 4086 ut,
1387 4034 1401 4069 x

185 4105 242 4150 cat.
259 4100 349 4149 iilossa
359 4097 523 4160 iimplouianae
538 4108 582 4158 pro
597 4095 700 4144 maxima
716 4095 784 4155 parte
799 4105 829 4140 cx
844 4091 990 4153 Hieronymo
1005 4092 1100 4140 haustae
1115 4093 1182 4140 suut.

222 4175 246 4220 3.
263 4168 319 4220 Cod.
338 4167 487 4219 Turonensis
506 4170 535 4214 is
551 4167 613 4215 idem
627 4165 667 4214 ille
682 4168 720 4213 est
739 4164 763 4212 iu
779 4175 828 4224 quo
843 4163 948 4211 babetur
963 4163 1059 4223 gemina
1080 4161 1134 4210 libri
1154 4161 1198 4209 lob
1214 4161 1398 4223 interpretatio.

184 4240 234 4291 Ful.
255 4241 343 4290 10ονο
364 4242 445 4289 exstat
464 4236 568 4287 alterum
590 4235 736 4297 glossarium
758 4246 802 4282 scu
822 4233 903 4294 potius
919 4233 1087 4281 onomasticou
1103 4231 1229 4295 biblicum,
1251 4231 1400 4293 iucipiensa

184 4312 289 4362 verilis:
312 4309 413 4358 ideam
431 4309 550 4356 Dorrrine.
576 4305 661 4353 Aetam
681 4305 758 4351 leorae
780 4305 910 4352 terrenas.
934 4302 996 4350 ieet
1014 4301 1114 4361 justas.
1137 4303 1226 4348 Arnen
1240 4300 1398 4352 arralberna.

183 4383 303 4431 Ananias
316 4383 405 4442 pratia
419 4378 551 4440 dispersa.
570 4378 681 4424 azarias
696 4373 813 4433 adiretur.
830 4373 976 4421 Asserraecle
992 4372 1176 4434 temptationis
1192 4369 1321 4422 (talario...

221 4453 246 4503 i.
264 4449 343 4501 Tun:
360 4446 513 4515 p[aa]²pt0;.

222 4524 247 4574 5.
265 4520 323 4572 Tur.
344 4522 464 4570 :iduum

222 4597 247 4644 6.
266 4591 349 4642 Tum:
380 4587 482 4657 υψηλος.

222 4667 246 4714 t.
265 4662 322 4713 Tur.
342 4677 347 4711 :
365 4660 486 4725 θησσηρα.

222 4739 245 4785 8.
268 4737 336 4783 1¹m.
354 4749 360 4782 ι
378 4747 461 4798 οχνοῑς

291 4848 388 4877 IanGUAE
404 4845 540 4875 llEBRAlCAE.
