3180 5580
186 483 225 545 10
582 474 613 537 ’1
644 499 799 545 11111111
821 499 949 544 verena,

184 623 270 671 turam
286 621 400 672 romanis
419 619 507 672 verbis
522 619 597 671 nobis
617 624 792 683 exponentes,
813 622 902 683 partes
915 618 958 671 vel
976 632 1081 683 versus,
1104 630 1152 683 pro
1166 617 1265 684 quibus
1280 617 1405 669 turbaba-

181 722 253 772 mur,
268 710 374 762 minime
391 713 573 775 reppererunt.
590 707 753 773 Quapropter
765 706 897 759 hebraicae
910 710 992 772 atque
1003 707 1144 760 chaldaicae
1155 705 1258 758 veritati
1272 709 1299 757 et
1314 704 1405 758 multis

183 796 258 848 libris
272 796 362 848 latinis
376 799 421 864 qui
442 798 487 848 illa
502 810 556 848 nou
572 795 714 858 habebant,
731 796 779 848 sod
792 810 841 862 per
855 795 942 848 omnia
957 796 1061 849 duabus
1076 795 1129 848 illis
1148 796 1245 859 linguis
1259 793 1405 847 concorda·
1435 800 1438 805 ’

158 940 160 943 ,
184 885 256 959 baut,
278 887 429 951 credentes,
449 887 537 938 omnia
556 885 601 938 illa
616 885 750 952 supertlua
769 898 879 950 prorsus
897 883 1056 950 abrasimus,
1072 885 1155 937 veluti
1177 886 1203 935 11
1219 884 1310 936 multis
1323 882 1404 949 hujus

184 973 246 1024 libri
262 973 327 1025 locis
343 976 461 1040 apparet,
478 979 505 1027 et
520 975 654 1040 praeeipue
668 975 696 1026 iu
711 972 786 1026 libris
801 974 910 1039 Regum,
926 974 972 1025 ubi
991 976 1075 1038 major
1089 987 1152 1038 pars
1168 975 1266 1025 erroris
1286 974 1405 1024 iuvenie-

183 1061 271 1114 batur.
287 1061 359 1114 h'uuc
377 1075 440 1115 vero
460 1076 553 1115 omues
573 1065 617 1130 qui
637 1063 687 1116 hoc
706 1063 830 1116 volumen
851 1067 914 1116 suut
934 1063 1030 1115 lecturi
1050 1076 1174 1127 rogamus
1188 1064 1314 1129 quatinus
1328 1060 1404 1114 nullo

184 1151 261 1202 modo
276 1151 417 1215 praedictas
432 1155 522 1218 partes
535 1151 579 1203 vel
593 1164 686 1203 versus
702 1151 852 1217 superfluos
867 1150 929 1202 huic
942 1152 1015 1216 operi
1031 1150 1145 1217 amptius
1161 1151 1318 1215 adjungant.
1337 1150 1404 1200 Satis

185 1239 255 1289 euim
270 1237 343 1291 lucet
363 1240 389 1290 iu
411 1239 509 1305 quibus
528 1240 595 1293 loeis
610 1242 696 1304 eraut,
711 1239 774 1306 quia
791 1253 883 1292 rasura
901 1241 1055 1305 pargameui
1074 1238 1168 1292 eadem
1182 1240 1241 1291 loca
1255 1252 1309 1291 nou
1324 1237 1401 1290 celat.
1416 1222 1421 1233 ’

184 1326 367 1378 luterdicimus
382 1327 460 1379 etiam
475 1329 631 1381 auctoritate
646 1327 692 1380 liei
706 1330 734 1380 et
748 1331 845 1380 nostrae
860 1327 1074 1392 congregationis
1090 1339 1124 1379 ue
1134 1329 1194 1393 quis
1208 1327 1279 1378 huuc
1293 1325 1401 1386 librum,

184 1415 267 1467 multo
280 1414 369 1468 labore
381 1420 568 1482 praeparatum,
585 1416 724 1470 inhoneste
744 1420 868 1481 tractare,
885 1417 928 1468 rel
942 1416 1043 1481 ungula
1062 1429 1111 1468 sua
1125 1429 1175 1481 per
1188 1417 1348 1481 scripturam
1360 1414 1405 1467 vel

184 1504 330 1567 marginem
344 1508 402 1572 ejus
418 1506 518 1572 aliquid
532 1508 624 1557 notare
637 1509 791 1571 praesumat.

223 1662 259 1723 Et
274 1681 375 1724 revera
391 1670 532 1744 apparent
548 1665 578 1724 11
601 1663 700 1724 multis
725 1661 822 1725 Sacrae
837 1661 997 1745 Scripturas
1021 1663 1093 1723 locis
1117 1680 1237 1739 rasurae,
1264 1680 1328 1740 qum
1352 1679 1404 1721 eos

183 1777 284 1819 versus
300 1761 360 1820 sive
376 1780 425 1820 eas
442 1779 539 1837 voees,
556 1778 627 1839 quas
643 1759 807 1840 Stephanus
821 1760 915 1820 deleri
937 1760 1039 1836 voluit,
1056 1779 1115 1820 uon
1135 1768 1206 1835 tam,
1224 1768 1257 1818 ut
1272 1761 1333 1839 ipse
1349 1761 1402 1832 ait,

185 1856 281 1916 celant
301 1876 387 1936 quam
413 1858 553 1918 iudicant.
571 1857 715 1920 Caeterum
741 1875 800 1917 non
825 1857 931 1918 desunt
950 1867 1027 1918 notae
1048 1855 1228 1936 marginibus
1249 1859 1402 1937 appositae,

184 1953 232 2014 ubi
254 1973 317 2033 quta
338 1957 377 2016 sit
391 1974 488 2032 causa,
506 1975 558 2016 cur
574 1963 684 2016 textum
705 1955 903 2015 immutaverit
921 1953 1011 2016 abbas
1031 1954 1246 2031 Cisterciensis‚
1264 1955 1405 2033 exprimi·

185 2061 242 2112 tur.
261 2049 318 2114 Sed
333 2053 478 2132 ejusmodi
494 2061 671 2113 correcturae
691 2061 720 2112 et
743 2052 947 2113 adnotationes
972 2071 1031 2113 non
1055 2055 1086 2113 iu
1110 2051 1247 2112 omnibus
1272 2050 1404 2132 partibus

183 2151 258 2209 sacri
275 2149 384 2211 codicis
399 2152 599 2211 inveniuntur.
617 2151 669 2214 Vix
685 2151 764 2210 enim
776 2148 845 2210 aiibi
855 2151 1043 2230 reperiuntur
1053 2151 1179 2230 quamin
1191 2149 1402 2225 Pentateucho,

184 2245 233 2307 ubi
249 2249 376 2308 rariores
391 2256 470 2323 sunt,
488 2250 517 2308 in
533 2247 615 2309 libris
632 2248 755 2325 Regum,
772 2249 802 2306 in
818 2246 893 2308 libro
909 2247 962 2311 111)
979 2257 1009 2309 11
1024 2250 1054 2309 11
1070 2247 1245 2326 Evangeliis.

225 2344 295 2416 Quae
310 2346 513 2406 adnotationes
528 2346 615 2425 hujus
632 2344 711 2405 modi
727 2353 816 2405 sunt:

219 2498 276 2552 toa.
293 2512 321 2562 11,
343 2501 374 2551 10
390 2517 396 2550 :
413 2500 440 2550 lu
455 2498 615 2565 quibusdam
627 2499 716 2550 latinis
731 2497 863 2552 hahetur:
880 2501 960 2563 quast
975 2514 1032 2550 uiro
1046 2500 1078 2549 rte
1092 2500 1189 2550 statiis
1203 2499 1369 2551 apertioribus
1383 2501 1403 2559 ';

184 2586 272 2638 sedin
287 2585 385 2639 hebreo
400 2587 562 2638 martiertbus
577 2599 631 2639 non
646 2586 768 2651 habetur,
784 2589 876 2639 11111
892 2587 1050 2655 quibusdam
1064 2588 1163 2640 latinis.

219 2687 258 2738 ur,
275 2677 289 2727 1
307 2693 314 2726 :
330 2675 356 2726 lu
375 2676 427 2727 llue
441 2676 521 2740 hujus
534 2687 630 2727 versus
648 2675 710 2740 plus
726 2676 876 2728 invenimus
890 2678 917 2728 iu
932 2675 1066 2744 aliquibus
1085 2676 1176 2728 latinis
1186 2675 1207 2741 ¹,
1224 2676 1271 2728 sod
1287 2676 1405 2728 hebreus

184 2776 237 2816 uon
251 2764 313 2830 plus
327 2765 415 2826 babet,
432 2779 482 2818 uec
497 2766 604 2832 quidam
618 2764 702 2817 latini.

219 2867 245 2917 v,
264 2857 294 2906 15
313 2873 319 2905 :
338 2854 365 2904 lu
380 2855 493 2920 quodam
508 2854 590 2907 latino
605 2856 643 2907 sic
658 2854 795 2906 vidimus:
817 2856 898 2904 Porro
917 2855 1025 2906 solcum
1035 2851 1124 2915 societ
1143 2868 1264 2916 aperiam,
1285 2853 1406 2916 1111111-

183 2959 249 2995 rrum
264 2957 316 2997 nou
334 2944 413 2996 babet
428 2945 544 2996 hebreus
558 2958 608 2996 uec
623 2945 696 2996 latini
712 2944 802 3010 abqui.

219 3047 255 3098 vr,
273 3038 286 3084 7
304 3051 311 3085 ε
328 3035 392 3086 bute
407 3033 478 3084 huuc
492 3046 601 3085 versum
616 3033 723 3099 quidam
737 3031 811 3084 latini
826 3030 924 3083 habeut
939 3032 1071 3098 quendam
1086 3032 1213 3084 rersum³
1228 3033 1273 3098 qui
1288 3032 1332 3083 bic
1348 3045 1404 3084 nou

182 3121 295 3174 habetur
309 3134 360 3174 111
374 3124 401 3172 11
416 3121 524 3185 hebreo,
541 3136 591 3174 111
606 3124 633 3172 11
649 3121 807 3188 quibusdam
823 3121 921 3172 latinis.

217 3223 283 3273 xvu,
301 3213 315 3260 6
332 3228 339 3263 :
355 3209 414 3261 Post
428 3208 500 3262 bunc
510 3223 617 3261 versum
631 3212 658 3260 iu
668 3210 828 3275 quibusdam
842 3208 915 3258 libris
928 3208 1040 3259 habetur
1052 3209 1159 3274 quidam
1170 3211 1284 3261 versus⁴
1301 3207 1348 3275 qui
1360 3208 1404 3262 hic

183 3312 235 3351 nou
250 3298 372 3362 habetur,
389 3299 451 3364 quia
464 3298 581 3350 hebreus
596 3301 621 3349 et
636 3297 742 3364 quidam
759 3298 833 3348 latini
850 3295 894 3348 illo
910 3300 1011 3349 curent.

218 3386 278 3438 Luc.
295 3400 323 3448 u,
343 3389 390 3437 ta:
408 3387 436 3437 lu
452 3386 575 3438 omuibus
590 3387 645 3438 lere
655 3386 772 3453 antiquis
783 3385 857 3438 libris
873 3388 1022 3439 invenimus
1037 3389 1076 3439 sic
1087 3405 1094 3438 ι
1106 3386 1176 3452 quod
1185 3387 1259 3452 serit
1273 3388 1404 3438 liorrra'rrars

183 3478 209 3524 11
224 3474 341 3524 ostendit
357 3474 433 3525 nobis
445 3476 464 3524 ⁵.

218 3563 267 3624 th,
284 3577 310 3626 x,
329 3566 361 3614 30
378 3581 384 3613 :
402 3563 560 3626 suscipiam
573 3565 583 3592 ⁸
598 3564 626 3613 iu
640 3563 782 3615 veracibus
797 3566 824 3616 et
839 3565 955 3630 antiquis
970 3569 995 3615 11
1011 3566 1037 3615 11
1053 3576 1132 3628 greco
1146 3566 1306 3616 invenimus

217 3652 276 3701 her.
294 3665 321 3714 a,
340 3656 354 3702 o
372 3669 378 3702 :
396 3651 423 3702 lu
438 3649 541 3703 duobus
556 3652 744 3703 vetustissimis
759 3655 784 3703 et
804 3652 917 3704 multum
931 3653 1071 3705 voracibus
1086 3655 1213 3718 hystoriis
1226 3666 1279 3704 nou
1295 3655 1403 3706 iuveni-

182 3753 242 3790 mus
254 3740 326 3791 hunc
340 3753 446 3791 versum
463 3758 469 3790 :
485 3740 533 3789 1111
548 3740 619 3790 (lieet
632 3740 685 3790 tibi
699 3741 764 3804 qartd
778 3744 803 3790 te
817 3745 942 3805 oporteat
951 3742 1050 3804 jacere
1063 3743 1081 3792 1.

222 3895 252 3957 Si
267 3915 336 3956 voro
352 3895 521 3973 diligentius
537 3898 719 3975 inquiramus
734 3897 829 3975 qualia
845 3897 955 3957 tuerint
970 3895 1108 3975 Stephani
1124 3896 1236 3959 abbatis
1255 3898 1406 3980 exempla-

183 3995 237 4069 ria,
263 4003 321 4053 tam
338 3994 453 4074 plenius
474 3994 543 4055 illud
560 4012 646 4073 quam
667 4012 731 4073 quae
746 3997 808 4074 ipse
824 3996 938 4055 veracia
958 4003 1117 4075 nuncupat,
1134 3995 1189 4056 boc
1205 3995 1290 4057 nohis
1306 4007 1403 4057 ratum

221 4251 243 4298 1.
261 4245 334 4299 Deest
349 4249 508 4299 mutieribus
523 4250 615 4312 inipso
631 4253 709 4301 textu.

218 4320 243 4369 1,
260 4317 333 4369 Godd.
352 4318 430 4370 Sacrae
446 4320 577 4384 Scripturae
592 4320 725 4384 permulti:
741 4321 766 4368 et
784 4335 835 4369 raon
848 4323 884 4369 stt
899 4323 928 4369 to
943 4322 1124 4372 recordatione
1138 4325 1163 4371 et
1177 4337 1230 4372 raon
1239 4324 1406 4374 intertrator

182 4390 293 4447 tramine,
310 4391 348 4441 vel
359 4403 406 4441 111
422 4392 583 4442 inlustretur
597 4393 708 4441 tamine

183 4529 198 4579 P
217 4463 242 4511 3.
260 4459 334 4512 dodo.
351 4463 459 4594 plvjrique
477 4477 483 4511 :
500 4465 601 4513 dolrem
616 4465 688 4513 etaim
702 4466 831 4512 esurienti
845 4465 927 4513 ettam
943 4477 1040 4514 errrore
1054 4464 1145 4515 doleia
1155 4479 1211 4515 csse
1221 4465 1348 4515 videatur
1363 4466 1404 4534 (ox

199 4546 256 4582 aov.
273 4537 377 4597 111117
394 4574 399 4583 .

217 4603 242 4653 1.
258 4603 772 4666 11111111111111111111111111111111,
789 4611 836 4657 etc.
854 4604 899 4670 (ita
914 4608 984 4659 codd.
1003 4621 1053 4658 nou
1068 4604 1161 4670 pauci).

218 4675 242 4724 5.
259 4673 296 4725 lta
308 4676 379 4726 codd.
399 4677 595 4738 prestantiorem
612 4678 722 4740 plerique
738 4693 744 4725 ι
760 4677 829 4740 quod
844 4680 975 4727 Dominus
989 4677 1105 4728 ostendit
1120 4679 1203 4731 nobis.

218 4748 242 4796 6.
261 4748 412 4809 Sarpicieua
427 4748 498 4798 codd.
516 4748 640 4810 permulti.

218 4820 241 4867 7.
258 4817 313 4867 llaec
327 4818 402 4868 verba
415 4818 531 4870 onrittunt
545 4820 615 4870 codd.
632 4820 819 4872 emendatiores.
