3180 5580
564 489 710 534 urconuus
733 491 771 533 nu
795 491 882 533 urna.
1298 473 1335 533 55

112 605 272 684 Scriptura
291 607 479 685 interpretes,
496 625 584 685 quom
604 606 692 664 etiam
713 606 789 666 Baco
812 621 871 684 prae
891 607 1005 665 caeteris
1023 612 1142 665 secutus
1163 613 1218 665 est.
1239 606 1331 678 Quem

111 702 242 782 Lyranus
258 702 433 762 insecundo
450 702 569 783 prologo
586 701 630 761 liis
645 700 744 761 verbis
761 700 880 761 laudat:

149 873 259 926 intendo
288 888 341 924 non
364 873 451 926 solum
474 874 545 925 dicta
568 874 705 925 doctorum
734 874 926 926 catholicorum
949 874 997 926 sed
1025 876 1104 926 ctiam
1132 873 1332 934 hebraicorum,

112 964 225 1014 maxime
239 961 320 1015 Rabbi
335 961 491 1025 Salomonis,
508 964 553 1027 qui
569 965 637 1013 inter
651 961 772 1014 doctores
789 963 902 1014 hebreos
917 962 1023 1014 locutus
1039 967 1079 1014 cst
1096 963 1290 1026 rationabilius,
1302 961 1335 1012 ad

114 1051 320 1103 declarationem
336 1064 433 1103 seusus
447 1051 559 1103 literalis
575 1052 712 1103 inducero.

154 1205 195 1266 lle
215 1205 334 1266 lticolao
354 1206 467 1283 Lyrano
486 1224 546 1266 non
565 1213 699 1266 nostrum
717 1213 762 1265 est
777 1206 870 1266 insius
889 1204 937 1265 hic
956 1224 1053 1282 agere.
1072 1205 1148 1269 Satis
1166 1205 1221 1266 erit
1237 1208 1261 1266 si
1278 1206 1337 1266 lec·

113 1309 208 1362 torem
224 1302 466 1364 admonuerimus
481 1303 644 1377 Nicolaum,
661 1305 779 1363 natione
796 1304 1009 1380 Normannum,
1027 1304 1121 1363 ordini
1142 1304 1264 1363 fratrum
1282 1302 1337 1362 mi-

113 1418 218 1475 norum
234 1400 380 1460 addictum
397 1400 487 1460 luisse
502 1408 531 1460 et
547 1399 665 1460 Parisiis
682 1403 713 1458 Α.
728 1401 763 1460 b.
776 1399 855 1460 roto
869 1399 947 1460 diem
963 1398 1083 1460 obiisse.
1104 1399 1193 1478 Cujus
1210 1401 1336 1460 Postilla

114 1498 144 1557 in
164 1496 281 1559 Sacram
303 1497 484 1577 scripturam
505 1515 561 1556 una
584 1514 651 1556 cum
671 1497 877 1557 additionibus
896 1496 978 1557 Pauli
993 1497 1029 1557 de
1050 1495 1079 1558 S.
1097 1496 1184 1557 illaria
1205 1498 1334 1576 episcopi

114 1595 272 1671 Burgeusis
291 1595 327 1673 (†
343 1594 434 1672 itae)
449 1601 477 1653 et
493 1612 560 1653 cum
582 1594 708 1670 Replicis
727 1593 852 1654 Matthiae
866 1592 978 1670 During
991 1593 1168 1654 franciscani
1184 1593 1259 1674 typis
1275 1613 1334 1655 non

113 1691 206 1751 semel
221 1691 403 1770 prodierunt.

152 1787 186 1848 ln
214 1787 270 1848 hoc
294 1805 434 1848 uovorum
467 1796 633 1866 temporum
663 1788 846 1864 praenuntius
870 1785 928 1846 luit
956 1786 1100 1865 Lyranus,
1128 1787 1203 1865 qnod
1235 1789 1335 1848 sensui

113 1885 219 1945 litterae
246 1887 359 1965 primus
381 1887 458 1944 inter
483 1903 586 1944 omnes
612 1886 744 1944 institit:
769 1884 845 1963 quod
870 1885 1020 1944 vixillum
1046 1884 1140 1944 dicam
1165 1902 1180 1943 a
1206 1883 1335 1945 rabbinis

114 1981 262 2057 didicisse,
275 1980 381 2060 quibus
392 1981 530 2058 allegoria
545 1980 609 2060 plus
624 1999 707 2059 aquo
719 1979 862 2060 placebat.
877 1981 935 2044 Sed
951 1983 1012 2061 ipse
1029 2000 1045 2040 a
1060 2000 1171 2041 canone
1183 2000 1236 2042 suo
1254 1984 1283 2041 in
1300 2001 1335 2042 eo

113 2080 253 2139 continuo
273 2079 409 2154 deviavit,
428 2077 505 2156 quod
525 2078 673 2154 displicere
692 2066 811 2136 saccom
830 2078 989 2137 litteralem
1011 2086 1040 2137 et
1061 2080 1240 2154 scriptoram
1260 2080 1336 2137 iate·

112 2177 222 2235 riorem
238 2175 437 2254 profiteretur,
455 2193 509 2253 qua
525 2176 570 2234 via
591 2173 691 2234 inlclix
713 2173 761 2234 ille
783 2173 961 2254 quadruplex
984 2192 1098 2248 sensus,
1124 2192 1181 2253 quo
1201 2173 1333 2234 doctrina

112 2271 284 2331 scholastica
303 2269 496 2346 laboraverat,
515 2273 544 2330 in
560 2270 688 2331 litteram
712 2289 813 2330 rursus
829 2270 1040 2331 intruderetur.
1061 2269 1123 2330 Hoc
1139 2275 1237 2328 autem
1254 2288 1269 2329 a
1285 2269 1335 2332 Ju-

111 2366 182 2427 daeis
201 2366 314 2444 didicit,
332 2367 417 2427 aliter
437 2367 617 2427 tractandam
634 2386 697 2427 esse
718 2367 836 2430 Sacram
859 2365 1052 2446 Scripturam,
1070 2384 1156 2445 quam
1173 2367 1203 2424 in
1226 2365 1333 2425 scholis

112 2464 341 2525 christianorum
365 2466 455 2525 moris
479 2473 553 2539 erat,
575 2472 604 2524 et
625 2463 793 2524 hebraicam
816 2464 944 2523 litteram
968 2465 1057 2524 totius
1080 2464 1333 2543 interpretationis

100 2562 289 2642 principium
309 2580 373 2622 esse
394 2569 423 2621 ct
443 2560 555 2621 sontem
576 2563 714 2633 unicum;
733 2570 763 2621 et
779 2562 808 2620 in
825 2561 878 2620 troc
894 2560 1013 2621 Lutbcri
1030 2569 1195 2640 praeceptor
1210 2562 1330 2621 exstitit.
