3180 5580
182 477 220 536 38
556 493 595 534 os
617 489 732 535 seriola
755 489 865 533 nocem
889 487 1025 533 ancoris.

220 605 394 668 Hebraicam
411 613 509 666 autem
525 608 653 685 linguam
669 607 709 665 ita
724 605 843 684 quidem
860 604 991 684 perfecte
1007 605 1098 677 norit,
1117 611 1149 662 ut
1164 602 1241 662 cadit
1261 604 1291 662 in
1311 603 1409 663 bomi-

182 722 250 763 nem
272 704 321 782 qui
336 701 488 764 hebraicas
504 703 618 763 litteras
635 704 717 782 quasi
733 702 861 761 alienum
878 719 1047 760 sermonem
1065 700 1177 760 didicit.

221 799 374 860 Notabitio
390 807 488 859 autem
505 808 604 860 nostra
620 799 705 876 longe
721 805 839 878 superat
856 798 959 858 ultima
975 816 1041 877 pars
1057 796 1149 856 libelli
1160 796 1267 870 nostri,
1280 813 1370 874 quam
1382 797 1408 856 si

182 896 283 956 sedulo
300 896 453 968 evolveris,
471 894 624 976 apparebit
641 894 693 955 tibi
710 902 827 954 mutuas
843 912 908 955 esse
930 895 1142 954 monachorum
1165 891 1316 973 epistolas,
1334 910 1409 972 quo-

180 1010 245 1052 rum
262 993 337 1052 alter
351 993 388 1053 de
404 991 617 1053 difficilioribus
633 991 739 1069 linguae
759 991 904 1051 hebraicae
924 990 1012 1052 rebus
1028 992 1207 1066 sciscitatur,
1224 990 1300 1049 alter
1315 990 1409 1049 inter-

181 1091 294 1166 roganti
320 1087 489 1168 respondet,
506 1089 564 1148 nisi
590 1087 689 1167 plures
713 1096 782 1146 sunt
797 1088 1024 1163 interrogantes,
1048 1104 1124 1147 unos
1149 1085 1346 1166 respondens
1365 1086 1408 1147 lle

181 1184 394 1263 quaestionibus
415 1185 628 1264 discipulorum
657 1201 748 1263 pauca
769 1184 817 1243 hic
847 1201 998 1264 reponam.
1025 1182 1148 1246 Videtur
1173 1183 1232 1243 illis
1256 1185 1406 1244 correctio

181 1280 276 1344 Sacrae
292 1282 452 1362 Scriptura
468 1281 549 1341 cordi
565 1280 669 1356 luisse,
685 1300 753 1341 nam
770 1282 799 1340 in
816 1280 1060 1361 responsionibus
1076 1279 1142 1359 (sol.
1154 1279 1214 1340 269
1225 1281 1267 1360 v⁰)
1278 1281 1406 1358 legitur:

215 1433 226 1482 J
231 1447 274 1486 or.
287 1447 324 1498 tu,
340 1435 349 1485 l
365 1452 372 1486 t
389 1434 539 1486 Secundum
550 1433 678 1485 hebreum
692 1435 777 1496 Sorpe
792 1433 861 1484 uude
876 1433 912 1483 od
925 1433 1028 1484 Nitriae
1043 1432 1143 1484 uittam
1156 1447 1285 1496 magicam
1299 1437 1325 1484 et
1339 1447 1409 1485 uoco

182 1522 352 1573 uocationem
366 1536 449 1586 quani
464 1536 509 1584 epo
524 1523 635 1586 loqueos
649 1520 685 1571 ad
698 1525 733 1573 tc.
750 1521 803 1572 Non
817 1521 877 1572 dico
892 1520 962 1586 quod
976 1523 1005 1572 in
1022 1520 1108 1572 littera
1124 1524 1215 1573 uestra
1231 1518 1307 1588 [uon]
1325 1520 1407 1573 debet

181 1623 243 1664 esse
258 1613 352 1674 loquor
366 1609 402 1660 od
416 1614 452 1673 tc,
467 1612 530 1676 quia
543 1610 660 1660 hebreus
677 1624 731 1661 uon
746 1609 823 1661 babet
839 1611 950 1675 primam
964 1622 1105 1674 personam
1120 1608 1254 1674 presentis
1268 1608 1406 1665 indicatiui

181 1699 262 1764 modi,
279 1703 320 1751 set
336 1699 394 1750 loco
409 1700 468 1750 eius
484 1696 557 1763 pouit
571 1696 740 1762 participium
755 1698 888 1762 presentis
904 1699 1065 1762 temporis...

223 1856 280 1919 Sod
302 1860 525 1935 percontatores
538 1856 633 1915 nostri
652 1874 711 1915 non
728 1853 806 1914 illius
822 1854 924 1915 farinae
941 1862 1025 1914 erant
1042 1864 1074 1914 ut
1089 1852 1208 1916 Sacram
1225 1853 1408 1934 Scripturam

183 1954 331 2029 corrigere
357 1959 583 2032 praesumerent.
605 1951 749 2014 Videntur
764 1953 863 2031 potius
883 1952 1010 2012 lectores
1030 1950 1132 2027 luisse,
1150 1950 1199 2030 qui
1219 1951 1255 2010 de
1271 1951 1407 2028 legendis

183 2049 305 2128 singulis
324 2068 476 2110 sacrorum
497 2048 661 2110 Bibliorum
687 2048 770 2109 libris
791 2048 943 2109 curabant.
961 2049 1015 2120 Qui
1036 2067 1095 2108 non
1116 2048 1241 2109 multum
1266 2055 1410 2109 noverant

183 2148 220 2207 de
236 2145 386 2222 hebraico,
404 2155 437 2206 ut
456 2165 491 2206 ex
505 2145 604 2207 verbis
619 2145 826 2225 respondentis
841 2154 964 2226 apparet
980 2145 1044 2217 (111,
1063 2145 1154 2223 titt:

220 2300 248 2350 ot
264 2303 352 2350 autem
373 2296 453 2349 trater
467 2302 558 2350 noster
574 2300 619 2365 qui
635 2298 680 2350 uel
697 2299 829 2351 modicum
844 2299 920 2349 nouit
935 2298 967 2349 de
982 2298 1081 2350 hebreo
1096 2297 1146 2350 boc
1160 2298 1232 2364 quod
1246 2298 1302 2349 dixi
1325 2297 1412 2362 perci·

188 2388 242 2453 piat
263 2390 288 2437 et
309 2386 387 2439 uobis
407 2387 529 2438 ostendat
549 2386 584 2439 ita
605 2400 674 2451 esse,
690 2401 786 2452 ponam
807 2400 890 2452 pauca
911 2387 1042 2438 uocabula
1061 2386 1214 2439 huiusmodi
1232 2386 1266 2438 de
1284 2384 1368 2438 biblia

223 2477 285 2527 item
307 2473 487 2527 1112112101
508 2475 562 2525 lion
582 2476 678 2540 scripsi
698 2474 747 2526 lieo
767 2477 874 2527 nomina
888 2476 1021 2527 mensium
1036 2474 1170 2533 hebraice.
1187 2476 1249 2542 quie
1269 2476 1412 2528 nesciretis

188 2565 278 2629 legere
293 2563 396 2616 litteras
411 2563 559 2618 hebraicas.

222 2653 273 2706 Fol.
292 2658 342 2707 ‘263
361 2672 368 2706 z
384 2656 437 2705 iioo
451 2652 511 2706 ideo
526 2657 579 2707 tam
594 2653 691 2707 diliuse
706 2654 801 2720 scripsi
817 2651 893 2706 uobis
909 2658 937 2705 ut
957 2655 1107 2718 agnoscatis
1125 2652 1204 2717 plane
1224 2654 1366 2707 ueritatem
1382 2655 1411 2706 in

187 2744 238 2797 boc
252 2757 334 2809 passu
349 2747 375 2796 et
388 2744 535 2796 ostendatis
550 2743 618 2794 hanc
634 2742 753 2795 sedulam
767 2738 829 2809 (stc)
845 2743 919 2794 tratri
934 2746 962 2793 ut
977 2741 1034 2807 ipse
1050 2741 1155 2793 studeat
1168 2745 1195 2794 et
1210 2742 1300 2795 uideat
1313 2755 1410 2795 uerum

188 2844 250 2884 osse
265 2832 335 2898 quod
349 2832 418 2884 dico.

227 2997 321 3076 Hujus
336 3003 435 3056 autem
451 2997 569 3074 generis
583 3004 653 3055 sunt
667 2998 846 3074 quaestiones
861 3013 925 3074 quan
942 3001 1116 3055 moventur:

224 3157 270 3211 1111.
287 3171 342 3223 riv,
359 3162 393 3210 2:
409 3155 503 3208 Dicunt
519 3153 600 3222 aliqui
615 3168 668 3206 nou
682 3155 780 3207 dobere
793 3154 844 3218 legi
861 3156 892 3205 in
911 3157 1079 3220 Pliiulrirotb,
1097 3159 1138 3208 set
1153 3156 1183 3206 in
1202 3157 1336 3208 llultirotli
1351 3154 1411 3224 (iol.

189 3250 240 3298 270
255 3241 296 3312 v⁰l
308 3244 351 3297 ¹...
368 3243 413 3296 11.
430 3257 486 3308 nu,
503 3248 535 3296 23
549 3262 556 3295 a
572 3244 642 3306 ltogo
657 3247 686 3295 ut
701 3243 826 3310 aperiatis
841 3243 921 3295 michi
936 3243 1082 3308 superbae
1098 3245 1293 3311 expositionem
1307 3245 1416 3298 hebrai·

189 3347 257 3386 cam.
274 3334 337 3384 Item
357 3345 421 3394 rogo
441 3336 469 3383 ut
489 3330 613 3384 scribatis
632 3331 713 3383 rniclii
732 3333 764 3383 de
783 3333 916 3384 mensuris
931 3331 990 3384 istis
1007 3347 1107 3395 potitor.
1123 3333 1197 3396 epbi.
1212 3334 1268 3397 bpn
1280 3331 1300 3386 ³.
1317 3335 1413 3388 barus.

189 3423 297 3472 eborata.
311 3414 418 3486 Uidetur
432 3418 511 3472 michi
526 3419 657 3485 scriptura
672 3425 787 3473 sacraret
802 3424 955 3473 sanctorum
969 3422 1046 3487 quasi
1061 3422 1195 3473 contrarie
1209 3420 1280 3487 loqui
1290 3421 1322 3474 de
1338 3424 1414 3477 eis...

190 3512 275 3571 Quero
286 3513 375 3575 utipm
389 3510 569 3574 expositiones
580 3508 704 3562 liehraioe
717 3509 832 3575 aliquam
843 3509 1040 3562 distinctionem
1055 3509 1151 3561 iaciant
1165 3511 1236 3563 inter
1250 3509 1348 3576 legem,
1361 3515 1416 3564 tes·

189 3597 307 3662 omunia,
323 3597 453 3661 iusticias,
467 3600 595 3662 precepta
611 3594 668 3650 tlol.
687 3602 738 3651 ato
752 3594 825 3665 r0)...
842 3597 888 3649 lix.
905 3612 961 3662 1111,
983 3603 1014 3650 t:
1034 3640 1075 3650 ...
1093 3597 1163 3661 trogo
1182 3610 1246 3661 ergo
1265 3611 1314 3650 uos
1330 3613 1364 3651 an
1377 3598 1416 3651 ita

191 3689 224 3739 sit
240 3686 387 3739 secundum
404 3685 568 3737 traditionem
590 3685 759 3740 hebreorum.
776 3685 897 3739 intellexi
915 3686 993 3738 etiam
1009 3689 1037 3737 ut
1052 3685 1132 3737 miolii
1152 3686 1257 3738 uidetur
1276 3687 1347 3754 quod
1363 3688 1415 3753 ipsi

191 3773 344 3828 alternatim
363 3776 518 3840 computant
539 3788 619 3825 uuam
639 3775 801 3827 lunationem
818 3775 967 3827 aooicruni
983 3774 1100 3826 cleliam
1116 3778 1182 3826 19...
1204 3774 1267 3826 ltem
1281 3776 1417 3841 quomodo

192 3868 329 3928 exponunt
349 3864 421 3928 quod
441 3864 539 3915 dicitur
559 3866 588 3912 ut
607 3863 708 3913 habitet
729 3879 824 3915 rictiaco
842 3863 901 3915 cios
922 3864 969 3924 ibi,
987 3862 1051 3930 quid
1070 3861 1231 3928 intelligitur
1250 3877 1298 3929 per
1316 3878 1416 3918 nomen

193 3952 271 4006 liei...
292 3954 355 4003 item
375 3950 438 4019 quid
458 3951 618 4015 intelligitur
632 3965 680 4017 per
694 3966 790 4004 nomen
807 3952 907 4005 [11111111
922 3953 1070 4004 secundum
1089 3949 1284 4017 expositionem
1303 3952 1418 4006 hebreo-

192 4055 251 4092 rum
271 4041 343 4092 l'rov.
365 4053 440 4104 11111,
465 4042 518 4092 to:
540 4041 628 4090 turris
645 4039 827 4102 fortitudinis
848 4056 944 4092 aretiaco
965 4040 1092 4100 boiariam
1115 4039 1151 4089 od
1173 4040 1264 4104 ipsunt
1284 4041 1358 4092 olias
1379 4043 1418 4092 aot

192 4131 362 4195 tparanete.
381 4127 550 4196 1111271)...
572 4130 636 4180 item
658 4128 690 4179 de
710 4128 759 4179 bac
779 4127 867 4181 littera
882 4145 902 4193 p
918 4130 1013 4197 ,nescio
1032 4128 1095 4194 quid
1110 4129 1224 4181 sentiam
1238 4128 1282 4180 uel
1297 4129 1362 4195 quid
1376 4130 1418 4182 di-

192 4232 260 4282 oam,
275 4219 339 4284 quia
353 4217 501 4269 secundum
516 4216 673 4268 ieronimum
689 4215 714 4267 iu
731 4216 797 4269 libro
813 4219 1061 4283 interpretationum
1076 4216 1261 4268 hebraicorum
1275 4219 1418 4269 nominum

192 4320 274 4372 super
288 4305 384 4359 lucam
403 4305 466 4358 dicit
485 4305 556 4372 quod
571 4320 590 4369 p
607 4306 694 4357 littera
709 4306 779 4371 apud
797 4306 911 4358 hebreos
930 4319 984 4357 non
1004 4305 1150 4358 liabetur...
1167 4306 1238 4357 Unde
1254 4307 1335 4358 miror
1349 4319 1419 4373 quo·

193 4396 269 4447 modo
284 4408 333 4447 uos
348 4392 442 4445 dicatis
462 4393 505 4445 uel
520 4395 598 4446 etiam
613 4394 685 4445 iudei
698 4393 770 4459 quod
790 4395 840 4460 ipsi
856 4395 1002 4459 prodictam
1022 4395 1136 4446 litteram
1155 4393 1270 4446 babeant
1290 4393 1418 4463 1111111-

194 4484 272 4535 modo
286 4482 334 4534 boc
349 4480 456 4533 delendi
471 4483 553 4547 possit
569 4479 653 4549 (i0l...

193 4630 405 4640 ι..-

233 4729 255 4776 1.
273 4725 331 4776 t'idc
346 4738 431 4789 supra,
448 4739 471 4787 p.
491 4726 533 4777 33.

231 4800 256 4849 2.
273 4795 353 4848 (lodex
369 4811 375 4844 :
391 4796 460 4860 bpir.
