3180 5580
655 898 872 966 cthtttttttt
896 900 919 964 V

336 1129 467 1178 tttcotm
492 1130 703 1179 medracontes:
729 1132 980 1181 surrnsonxstts
1005 1125 1246 1181 BIBLIOTHECAE-

222 1339 356 1403 Studium
367 1340 546 1418 corrigendae
559 1339 655 1402 Sacrae
666 1340 837 1422 Scripturas,
851 1345 934 1423 cujus
945 1345 1087 1404 instinctu
1097 1341 1262 1425 Stephanus
1272 1342 1403 1421 Harding

181 1439 320 1501 Hebraeos
336 1439 446 1500 adierat
462 1448 491 1499 et
505 1438 541 1499 ab
558 1441 601 1500 cis
616 1440 769 1517 didicerat,
787 1439 949 1517 Nicolaum,
967 1439 1099 1519 ejusdem
1115 1441 1215 1501 saeculi
1236 1441 1399 1517 hominem,

181 1537 297 1616 impulit
312 1545 344 1597 ut
359 1545 388 1598 et
403 1537 465 1615 ipse
481 1535 516 1595 ad
532 1535 671 1597 rabbinos
687 1535 858 1615 confugeret
875 1543 1021 1597 eteorum
1038 1537 1146 1598 scholae
1161 1556 1192 1598 se
1209 1536 1369 1598 addiceret.

220 1634 339 1712 Legitur
353 1637 382 1695 in
398 1637 498 1698 codice
514 1633 703 1699 Bibliothecae
716 1636 836 1699 Venetae
846 1635 999 1697 Marciana
1012 1635 1067 1695 l'l8
1079 1635 1162 1711 (olim
1174 1635 1224 1695 lat.
1237 1651 1401 1711 cccxxxix,

181 1731 379 1810 Bessarionisl
400 1733 449 1793 sol.
469 1733 595 1795 itt-181
614 1740 653 1809 v⁰,
671 1733 791 1805 saeculo,
815 1741 848 1793 ut
874 1732 1125 1806 ridetur,x1v-xv
1146 1749 1234 1791 manu
1257 1730 1355 1791 italica
1371 1733 1403 1790 in

181 1828 289 1889 chartis
313 1830 489 1892 nitidissime
513 1831 689 1910 descriptus,
711 1830 822 1893 Nicolai
848 1830 1031 1910 ttanjacoriae
1051 1823 1264 1906 Soffluqooco'a
1289 1830 1403 1890 Biblio-

181 1927 282 1987 iteca
301 1926 389 2008 Cujus
411 1930 612 2008 praelationem
637 1947 704 1989 cum
727 1929 948 2004 accuratissime
972 1927 1171 1989 excutiendam
1195 1928 1341 1987 curaverit
1364 1927 1403 1989 H.

182 2023 306 2101 Borrine,
323 2024 407 2086 nobis
422 2029 493 2087 satis
509 2028 565 2086 crit
580 2036 612 2086 ut
627 2046 662 2087 ex
677 2045 711 2087 ea
726 2045 814 2106 pauca
832 2044 1023 2105 excerpamus
1038 2045 1045 2085 :

301 2198 419 2263 lcct'pt't'
437 2200 633 2262 toffraaaoeor
648 2199 823 2262 bibliothecae,
841 2199 930 2250 edituo
945 2212 962 2249 c
976 2199 1086 2251 Nicolao
1100 2199 1280 2261 blatrjocorc'a.

220 2320 316 2388 [Pletro
335 2325 495 2376 venerabilis
514 2323 631 2376 basilicae
654 2325 678 2377 S.
703 2325 769 2377 Petri
788 2325 916 2376 canonico
936 2323 1056 2375 Nicolaus
1076 2323 1183 2376 humilis
1207 2323 1276 2376 tituli
1299 2325 1405 2378 Damasi

184 2411 322 2476 diaconus,
342 2414 464 2478 spiritum
483 2412 615 2476 cogitandi
635 2426 687 2479 que
707 2414 779 2464 recta
797 2415 861 2463 sunt
880 2417 906 2463 et
926 2412 1030 2476 agendi.
1052 2412 1115 2464 Gum
1134 2416 1290 2479 corruptum
1304 2413 1407 2477 Regum

185 2498 309 2551 volumen
324 2502 352 2551 iu
366 2506 454 2551 vestro
470 2502 655 2566 repperissetis
670 2502 792 2565 armario,
804 2501 836 2552 ad
851 2500 901 2553 boc
911 2499 1098 2565 corrigendum
1108 2503 1296 2566 quaterniones
1310 2502 1408 2555 biblio·

184 2589 268 2640 tlrecae
287 2603 367 2657 qnam
384 2602 426 2641 me
446 2590 564 2642 studiose
584 2588 726 2642 audieratis
745 2589 923 2643 transcribere
944 2589 1021 2641 libuit
1040 2590 1183 2655 postulare.
1202 2589 1269 2648 Quos
1290 2592 1408 2656 vestigio

184 2679 303 2730 vestrum
317 2679 424 2744 quidam
438 2691 597 2744 percurrens
611 2680 684 2730 venit
697 2677 730 2730 ad
747 2678 836 2731 locum
851 2679 906 2743 ubi,
924 2691 984 2730 cum
1006 2681 1132 2730 tractatur
1147 2677 1179 2729 dc
1194 2678 1313 2730 secunda
1328 2679 1408 2730 mliu-

185 2767 260 2817 sioue
279 2766 474 2819 Philistinornm
493 2769 519 2819 in
538 2767 607 2819 ralle
626 2767 760 2834 llapbaim,
781 2767 894 2820 infertur
911 2786 916 2820 :
939 2767 1082 2819 Cormrttoit
1101 2770 1194 2818 autera
1210 2767 1298 2818 Dauid
1318 2768 1409 2817 Domi-

185 2869 252 2906 nam
263 2856 284 2920 ¹,
300 2868 351 2907 nec
365 2856 480 2923 qualiter
489 2858 654 2910 consuluerit
667 2858 806 2909 iudicatur.
819 2857 896 2910 Porro
912 2858 937 2907 in
950 2856 1108 2924 quibusdam
1122 2856 1258 2908 mendosis
1269 2855 1409 2908 codicibus

186 2942 254 2995 solet
269 2944 319 2995 boe
333 2947 436 3011 repeti:
451 2945 477 2996 si
487 2947 631 2997 creandam
641 2948 676 2996 nd
693 2946 842 2997 Plaitistiim
853 2949 878 2996 ct
893 2951 917 2995 rr·
932 2945 1009 2995 (labis
1023 2958 1067 2994 cos
1082 2945 1112 2994 in
1129 2959 1213 2995 irrora-ac
1227 2957 1286 2994 orca
1298 2944 1318 3008 ³,
1334 2943 1409 3011 quod

186 3030 309 3083 videlicet
323 3033 352 3084 in
365 3034 505 3085 dillusione
520 3036 625 3099 prima⁴
645 3033 810 3085 solummodo
826 3035 984 3084 continetur.
1004 3033 1102 3097 ltaque,
1120 3046 1181 3083 cum
1195 3031 1220 3081 id
1240 3030 1327 3082 lectus
1341 3044 1410 3098 qua-

186 3121 272 3173 ternio
287 3135 340 3173 uon
355 3122 473 3187 baberet,
490 3124 627 3173 estimatus
642 3124 683 3173 est
699 3124 786 3173 minus
801 3121 913 3184 habeus,
931 3123 1072 3185 statimque
1088 3123 1115 3171 in
1130 3119 1204 3172 brevi
1219 3120 1280 3171 lolio
1296 3123 1410 3172 annota-

187 3213 243 3261 tum
257 3213 282 3260 et
297 3209 324 3261 in
339 3212 422 3275 ipsius
439 3214 579 3262 consutum
595 3213 713 3272 margine
729 3210 808 3260 micbi
823 3211 934 3259 missum
949 3213 999 3272 est,
1011 3211 1039 3259 ut
1055 3208 1157 3259 scilicet
1172 3207 1327 3260 lestinarem
1343 3221 1411 3274 sup·

186 3297 260 3362 plere
276 3298 446 3364 quodminus
461 3301 601 3351 continens
615 3299 763 3351 ridebatur.
782 3298 854 3357 Quod
866 3300 893 3349 ut
906 3297 969 3361 ridi,
982 3297 1093 3359 subrisi;
1111 3297 1228 3350 sciebam
1239 3299 1340 3363 quippe
1350 3297 1410 3350 iore

188 3386 361 3450 superfluum,
382 3387 444 3440 licet
463 3388 645 3440 necessarium
664 3386 792 3437 videatur.
815 3387 978 3452 Quapropter
996 3387 1077 3451 huius
1092 3385 1258 3438 bibliothecae
1279 3385 1411 3438 lectorem

188 3489 291 3540 moneo,
304 3480 332 3528 ut
345 3491 405 3528 mea
419 3480 517 3529 temere
532 3479 665 3540 corrigere
677 3474 759 3527 nichil
769 3477 873 3540 audeat,
887 3475 973 3528 sicubi
988 3475 1021 3527 ab
1037 3477 1078 3528 bis
1092 3474 1290 3541 exemplaribus
1305 3474 1409 3528 discre-

188 3568 232 3630 pat
246 3579 297 3631 que
313 3570 338 3617 ct
352 3567 511 3632 scriptorum
522 3567 590 3618 vicio
605 3566 747 3631 depravata
758 3570 783 3618 et
796 3567 828 3617 de
844 3566 1020 3617 inemendatis
1031 3564 1239 3617 inemendatiora
1252 3566 1314 3615 suut
1325 3564 1408 3619 edita.

189 3653 238 3704 Nec
255 3654 304 3705 troc
319 3655 378 3705 dico
393 3658 421 3706 ut
437 3654 469 3706 de
484 3666 542 3705 mea
556 3655 722 3705 studiositate
737 3656 854 3706 conlisus
869 3652 949 3720 ea[m]
965 3666 1081 3705 asseram
1095 3666 1144 3717 per
1157 3653 1245 3703 omnia
1255 3653 1410 3718 veritosam,

189 3744 236 3794 sed
251 3745 320 3810 quod
336 3757 437 3808 magnae
451 3743 643 3810 presumcionis
658 3745 703 3808 sit,
719 3745 740 3794 si
756 3744 788 3795 ad
803 3744 886 3795 nostri
902 3743 1001 3794 arbitrii
1016 3743 1196 3804 conjecturam
1208 3740 1289 3792 libros
1303 3754 1413 3806 preser-

189 3831 236 3883 tim
253 3835 395 3885 canonicos
413 3835 626 3885 estimaverimus
645 3833 826 3898 corrigendos.
847 3831 919 3891 Quod
938 3844 987 3895 ego
1002 3843 1050 3894 pro
1069 3842 1147 3895 posse
1169 3829 1265 3892 vitans,
1282 3843 1344 3882 cum
1368 3831 1413 3883 in-

190 3924 290 3972 stancia
305 3922 418 3973 docrinae
432 3936 498 3974 meae
513 3922 740 3986 constanciacus
755 3924 844 3973 rivere
859 3918 977 3970 Christus
992 3919 1040 3970 luit
1057 3922 1082 3968 et
1099 3920 1163 3969 mori
1177 3918 1283 3971 lucrum
1294 3922 1314 3984 ⁸,
1332 3922 1358 3970 et
1374 3934 1412 3972 cx

190 4011 250 4074 cjns
265 4010 416 4074 sumptibus
433 4009 620 4062 bibliothecam
635 4011 703 4062 banc
718 4009 835 4061 scribere
850 4008 1039 4070 decrevissem,
1056 4020 1104 4072 pro
1118 4007 1259 4060 veracibus
1274 4008 1414 4074 exempla-

191 4096 265 4150 ribus
280 4113 333 4150 non
348 4098 613 4151 nrodicumlaborori.
629 4096 928 4163 PluraitnqueIustrans
940 4093 1049 4146 armaria
1068 4095 1211 4161 nequibam
1225 4097 1274 4148 boc
1285 4097 1412 4163 adipisci,

192 4190 253 4256 quia
267 4192 357 4254 etque
371 4186 482 4240 edoctis
491 4189 555 4240 viris
566 4188 722 4240 dicebantur
733 4189 861 4250 correcta,
873 4198 1034 4252 unoquoque
1045 4187 1071 4236 iu
1084 4200 1133 4238 suo
1149 4200 1229 4239 sensu
1246 4185 1414 4253 abundante,

101 4334 105 4341 ,
192 4279 257 4331 atico
276 4277 462 4330 discordabant
484 4281 512 4331 ut
530 4293 600 4345 pene
616 4281 679 4344 quot
699 4277 804 4328 codices
824 4280 861 4328 tot
881 4275 1042 4341 exemplaria
1061 4278 1213 4342 reperirem.
1230 4276 1276 4328 biu
1293 4275 1415 4342 denique

191 4430 404 4440 ————-

230 4528 253 4576 l.
272 4525 321 4577 Fol.
344 4525 401 4574 tlt.

229 4599 254 4647 ἱ).
272 4596 291 4645 ΙΙ
306 4596 365 4645 Stat.
382 4608 407 4658 r,
424 4596 466 4645 23.

229 4672 254 4718 3.
271 4666 338 4718 lianc
354 4667 498 4718 senteutiam
512 4667 629 4718 omittunt
641 4666 712 4716 codd.
731 4667 855 4729 meliores,
868 4663 958 4714 babent
974 4661 1095 4724 vulgares.

228 4739 254 4791 4,
273 4739 330 4790 Scit.
346 4739 392 4803 ib.,
408 4752 433 4789 r.
454 4738 494 4788 lb.

230 4815 254 4863 5.
274 4810 341 4861 Pota.
358 4823 376 4877 r,
393 4811 435 4861 at.
