3172 5566
529 452 688 497 esulanus
711 455 748 497 nc
771 454 862 501 noro.
1265 448 1303 507 ll

81 563 176 625 tina¹.
206 564 316 627 Versus
343 565 496 627 deterrimi
519 577 588 628 sunt
612 578 642 629 et
666 569 730 650 plus
756 589 843 649 quam
868 572 997 652 pedestri
1023 592 1161 635 sermone
1188 580 1302 658 scripti,

84 659 199 722 mendis
221 661 333 723 referti.
360 660 416 723 Sed
439 671 542 723 auctor
570 665 599 724 in
625 665 798 744 quibusdam
821 667 905 742 locis,
934 672 1065 746 quamvis
1092 672 1210 748 iugenio
1234 677 1305 736 satis

83 755 173 819 hebes
196 767 225 818 ct
247 759 369 818 scientia
393 761 488 820 tenuis
512 779 578 830 esse
594 761 736 840 videatur,
758 763 794 824 de
819 763 906 824 rebus
926 765 1070 828 hebraicis
1087 748 1304 851 mirnm‘quan-

85 864 146 915 tum
168 855 302 915 eruditus
331 857 472 916 noscitur.
501 857 596 918 Pauca
617 860 764 939 proferam
785 857 961 921 de'nomine
983 863 1035 923 Dei
1061 871 1303 941 tetram-ammoto

83 951 147 1029 (iel.
164 951 202 1012 Ἡ
217 954 258 1030 e)
275 971 282 1011 :

286 1123 405 1174 Adonai:
420 1125 545 1192 Dominus
559 1128 735 1178 communiter
749 1131 790 1178 est
800 1129 835 1177 ita
845 1126 944 1192 dictus,

286 1220 347 1273 Siue
363 1223 431 1270 neres
448 1215 491 1267 uel
505 1217 591 1267 dotato.
608 1215 830 1280 Tetragrammum
846 1217 925 1268 distat
939 1218 972 1269 ab
988 1217 1065 1283 ipso;

286 1308 357 1368 duod
373 1320 469 1358 nomen
483 1308 605 1356 sanetum
620 1303 718 1355 ltomini
734 1303 837 1356 dicatur
849 1309 952 1363 areton,

286 1394 326 1445 Sio
340 1394 442 1446 scribas
459 1408 464 1441 :
476 1392 533 1455 jod,
549 1392 596 1451 lee;
615 1389 664 1454 eof
676 1393 785 1455 iungam
801 1392 833 1442 lte
849 1393 927 1445 simul
938 1393 1013 1446 udde.

286 1483 341 1535 don
355 1482 420 1545 legit
435 1485 462 1533 ul
478 1479 570 1531 scribit
585 1478 635 1531 hoo
651 1483 772 1531 sanctum
784 1493 880 1531 nomen
890 1481 1018 1541 Hebreus,

286 1571 335 1622 Sed
352 1571 416 1634 legit
430 1570 541 1625 Adonei,
560 1572 629 1621 sicut
645 1582 784 1621 commune
799 1570 913 1633 legebat.

286 1660 328 1713 Sic
342 1661 394 1712 dno
408 1660 488 1713 rerba
502 1660 571 1712 bene
585 1658 628 1710 die
642 1659 746 1710 adortat
760 1673 885 1712 resonare

285 1748 382 1801 Nomen
397 1761 536 1801 commuue
551 1760 701 1813 nomenque
716 1749 760 1799 Dei
776 1748 900 1813 speciale.

285 1836 309 1888 Si
323 1835 365 1888 bis
381 1842 495 1902 ponatur
509 1850 606 1888 nomeu
621 1835 731 1901 Domini,
748 1840 973 1901 tetragrammum,

285 1926 422 1979 scribatur
436 1927 530 1991 primo,
546 1938 643 1977 nomeu
659 1937 800 1977 commune
815 1926 944 1978 secundo.

122 2062 178 2125 Sed
194 2083 228 2124 ea
243 2062 328 2126 nobis
344 2066 532 2145 peculiariter
546 2063 673 2124 notanda
684 2082 749 2142 quae
760 2062 906 2125 Gerendus
922 2067 951 2124 in
963 2065 1156 2146 explicatione
1172 2073 1301 2132 nominis

85 2159 192 2222 Sesach
206 2161 243 2222 de
259 2162 359 2240 regula
373 2163 530 2223 at·tasct2
545 2159 647 2221 allent:

304 2332 367 2383 Cum
382 2346 450 2397 puer
464 2332 561 2384 hebrea
575 2332 654 2383 discit
672 2332 716 2382 uel
730 2336 876 2395 grammata
890 2345 981 2398 greca,

303 2419 369 2487 lpsis
387 2421 521 2485 pretectis,
537 2418 635 2485 primas
651 2420 717 2487 (leae
729 2418 805 2484 imas)
822 2422 957 2484 iungendo
971 2422 1107 2488 supernis,

304 2508 345 2560 Sic
359 2511 394 2559 ait
411 2523 417 2558 :
434 2509 522 2572 aleph,
542 2506 616 2570 tleas,·
632 2510 699 2565 oetlt,
718 2508 777 2569 siu;
793 2509 890 2560 exinde
904 2510 994 2572 pinrel,
1014 2526 1057 2560 res
1064 2528 1072 2571 ;

304 2597 333 2648 nt
348 2600 386 2650 sic
400 2597 433 2649 dc
447 2597 569 2662 reliquis;
587 2599 691 2649 lorrzccle
705 2603 731 2649 ct
746 2599 832 2661 cleopa
848 2600 938 2650 ultima
955 2602 1049 2664 iungit.

287 2729 290 2734 .
304 2686 371 2749 Ergo
384 2700 445 2738 cnm
461 2687 538 2751 ponis
552 2685 655 2752 aliquas
671 2684 740 2752 [pro]
751 2686 953 2751 congeminatis,

301 2774 461 2838 Signidcabit
479 2774 558 2837 idem,
574 2774 663 2825 uelato
678 2773 794 2837 nomine,
812 2775 932 2825 uerbum.

300 2862 362 2914 lude
378 2864 505 2928 propheta
518 2863 616 2914 Scsocd
630 2862 682 2913 fert
696 2875 743 2927 pro
757 2863 847 2924 Bebcl,
864 2862 955 2914 ordine
972 2877 1060 2914 uerso.

117 3016 181 3077 Non
205 3027 303 3077 autem
324 3015 451 3077 arbitror
475 3016 599 3076 alterum
625 3018 702 3077 iuter
726 3017 899 3077 christianos
921 3019 950 3076 iu
971 3024 1032 3077 toto
1058 3018 1156 3078 modio
1177 3036 1238 3078 aevo
1263 3019 1299 3080 de

79 3114 177 3191 regula
193 3117 325 3175 ert-lescle
340 3114 489 3174 eruditum
505 3114 607 3190 luisse,
624 3116 680 3174 nisi
702 3116 797 3194 ipsum
818 3123 970 3175 auctorem
986 3133 1165 3194 arronymum
1181 3135 1296 3192 earum,

78 3210 235 3290 dequibus
251 3230 337 3291 snpra
354 3212 478 3288 egimus,
495 3212 699 3290 epistolarum,
718 3211 761 3270 vel
782 3231 850 3272 enm
874 3188 1001 3292 cui‘ipse
1017 3212 1121 3272 doctor
1136 3231 1169 3273 oa
1187 3213 1300 3273 indica-

79 3307 129 3367 rit.
146 3307 232 3368 Paeuc
248 3307 429 3369 scriberem:
447 3326 514 3368 eum
532 3307 565 3367 ad
582 3325 669 3387 quem
686 3308 791 3368 litterae
807 3317 916 3369 nostrae
929 3309 1050 3369 directae
1066 3316 1146 3371 suut.

85 3478 88 3484 Ι
118 3403 219 3485 Neque
234 3423 303 3464 vero
319 3405 390 3465 mini
402 3404 579 3484 persuadere
594 3424 713 3484 possum
726 3424 793 3465 eum
809 3408 903 3465 virum
915 3407 964 3484 qui
976 3413 1034 3465 tam
1046 3409 1120 3467 mira
1132 3408 1298 3468 eruditione

81 3501 355 3580 trium-linguarum
377 3502 492 3581 polluit,
518 3510 548 3562 et
572 3503 621 3581 qui
645 3503 761 3579 ingenio
784 3521 873 3583 super
896 3503 1022 3581 aequales
1045 3504 1130 3563 lacile
1161 3506 1297 3572 eminuit,

80 3598 216 3658 eumdem
243 3617 308 3659 esse
334 3600 383 3678 qni
409 3601 592 3659 miserrimos
616 3617 717 3659 versus
742 3608 859 3659 nostros
885 3599 996 3659 infelici
1023 3600 1134 3660 calamo
1160 3603 1297 3662 exaravit.

80 3694 220 3775 Superest
232 3715 299 3773 engo
312 3705 344 3755 ut
358 3696 513 3756 credamus
528 3694 641 3756 litteras
652 3695 789 3774 anonymi
800 3696 928 3756 doctoris
943 3696 979 3757 ad
992 3695 1154 3758 Gerardum
1170 3696 1298 3758 directas

80 3811 158 3870 esse,
175 3799 204 3853 et
218 3793 301 3853 illum
324 3793 462 3853 eumdem
485 3800 720 3873 percontatorem
741 3811 805 3852 csse
825 3794 873 3872 qni
897 3795 1068 3870 magistrum
1085 3792 1298 3871 quaestionibus

40 3942 48 3949 ,
79 3887 252 3964 lacessebat,
284 3888 404 3950 Librum
434 3890 601 3967 triglossum
627 3891 801 3968 scripturus.
830 3888 1010 3963 llemineris,
1037 3890 1163 3970 exempli
1192 3893 1297 3968 gratia,

79 4002 181 4045 eorum
197 4002 261 4064 quae
277 3985 379 4045 doctor
394 4004 556 4064 anonymus
571 3985 607 4045 de
624 3984 779 4064 alphabeto
795 4002 890 4062 graeco
907 3988 1010 4065 ponit:

114 4154 220 4207 Nomina
236 4156 372 4208 literarum
389 4168 528 4221 grecorum
543 4161 569 4208 et
583 4157 648 4208 ordo
668 4156 730 4208 talis
745 4159 785 4207 cst
802 4174 808 4208 ε
826 4157 917 4219 otpda.
942 4158 1010 4207 dete.
1036 4171 1151 4218 (lanima.
1169 4157 1252 4210 delta.
1271 4175 1293 4210 e.

77 4247 145 4294 zeta.
160 4246 211 4295 eta.
229 4244 309 4294 tlteta.
328 4244 391 4293 iota.
409 4244 489 4306 depae.
509 4243 596 4294 ledda.
616 4244 662 4296 rut
680 4244 717 4294 ni.
735 4244 775 4295 xi.
793 4260 816 4295 o.
832 4244 872 4306 pi.
889 4259 929 4296 ro.
953 4244 1035 4296 sime.
1052 4243 1104 4305 tos.
1120 4260 1147 4307 y.
1162 4246 1222 4308 pti.
1239 4246 1293 4296 clei.

76 4332 129 4396 pst.
146 4346 170 4384 o.
189 4333 276 4384 Preter
291 4333 338 4384 has
347 4332 437 4383 literas
444 4333 517 4394 greci
533 4331 631 4382 habent
647 4335 703 4383 tres
720 4334 818 4395 dgnras
835 4345 887 4397 true
904 4330 1003 4383 iaciunt
1020 4346 1130 4384 numera
1146 4331 1206 4400 (sie)
1226 4335 1294 4385 sicut

115 4612 138 4658 l.
156 4607 203 4660 loi.
222 4612 254 4659 32>
272 4627 277 4661 :
295 4608 363 4660 lianc
378 4610 547 4673 subiungenda
562 4613 620 4660 suut
634 4612 701 4660 recte
717 4610 814 4660 nomina
830 4621 935 4672 greca...
960 4606 1008 4660 lul.
1033 4612 1063 4659 57
1083 4613 1109 4660 r⁰
1126 4627 1132 4661 :
1152 4609 1206 4661 Post
1220 4623 1294 4662 uoces

77 4692 163 4742 grecas
178 4682 275 4731 tandem
291 4682 403 4732 describo
417 4683 537 4732 latinas...

114 4752 137 4799 2.
155 4749 212 4801 Vide
228 4765 312 4814 supra,
329 4766 351 4815 p.
369 4751 410 4802 4-2.
