3180 5580
186 477 225 538 52
419 492 607 537 rudusculo
629 492 803 536 SCRIPTURAE
824 492 927 538 SACRAE
949 496 986 539 EX
1010 496 1174 542 deubaldo,

185 627 266 679 super
281 612 429 665 diuisioues
449 625 588 679 aquarum,
605 614 677 679 quod
697 612 813 667 tractum
833 628 911 666 suum
925 615 997 668 dabit
1012 618 1039 668 iu
1055 619 1174 682 tempore
1188 630 1247 669 suo.
1267 616 1296 670 ut
1317 618 1414 671 lolium

184 703 243 753 eius
267 715 321 753 uon
340 704 475 765 putrescet
490 707 518 754 et
536 715 615 753 omne
636 702 707 767 quod
721 702 800 755 lactet
820 704 1031 769 prosperabitur.
1048 705 1125 758 ⁴b'ou
1140 706 1179 757 sic
1199 706 1285 772 impii,
1300 706 1414 773 quodsi

185 795 311 857 tanquam
328 789 403 855 palea
422 804 500 856 quam
517 791 636 855 impellet
652 792 736 856 ipsam
751 795 859 844 ueritus.
878 792 982 859 ⁵Super
997 794 1046 845 lroc
1058 792 1090 859 (¹)
1106 806 1161 845 nou
1176 796 1320 857 resurgeat
1337 795 1413 861 impii

185 881 212 929 iu
227 878 324 930 iudicio
339 881 366 930 et
379 880 536 943 peccatores
551 880 579 929 iu
594 880 724 944 sinagoga
738 882 878 933 iustorum.
898 881 1047 939 ¹Quoniam
1064 882 1139 932 uouit
1155 879 1225 934 licus
1240 883 1311 935 uiam
1327 882 1415 936 iusto·

183 981 242 1020 rum
258 973 283 1019 ct
299 969 342 1018 uia
357 967 498 1033 impiorum
512 966 617 1032 peribit.

219 1057 340 1109 l¹s.x1.u.
358 1054 604 1116 ¹Quemadmodum
623 1068 722 1107 ceruus
742 1056 902 1110 desiderabit
921 1071 1004 1124 super
1022 1059 1095 1109 riuos
1110 1071 1249 1124 aquarum,
1266 1060 1304 1111 ita
1322 1062 1414 1113 auium

182 1158 241 1198 mea
255 1146 418 1198 desiderabit
434 1145 467 1197 ad
483 1148 509 1196 te
525 1146 603 1197 licus
623 1144 732 1196 ¹Sitiuit
747 1146 833 1196 anima
847 1158 905 1197 mea
920 1146 953 1196 ad
972 1144 1063 1208 Deum,
1079 1145 1161 1198 ileum
1179 1148 1283 1200 uiuum.
1300 1146 1413 1206 uuanda

183 1236 288 1286 ueniam
305 1240 330 1286 et
345 1233 443 1285 uidebo
457 1233 553 1284 faciem
567 1231 633 1284 liei?
649 1233 659 1262 ¹
675 1230 731 1284 luit
746 1231 809 1284 milri
825 1233 932 1284 lacrima
950 1245 1008 1284 mea
1027 1234 1105 1298 panis
1124 1232 1220 1285 diebus
1235 1238 1262 1286 et
1276 1237 1368 1297 nocte,
1383 1236 1413 1287 iu

183 1321 296 1373 diceudo
311 1322 344 1373 ad
358 1333 401 1372 me
417 1323 490 1372 omui
505 1320 568 1373 die:
584 1320 631 1371 Ubi
646 1320 715 1372 lieus
732 1323 815 1374 tuus?
826 1318 894 1385 (¹)...

218 1412 322 1461 Carere.
340 1423 357 1460 1.
376 1408 513 1460 Canticum
532 1422 567 1458 or
585 1410 750 1460 canticorum
764 1408 835 1473 quod
854 1422 888 1457 or·
906 1407 1046 1460 Salomoni.
1065 1407 1230 1461 ¹osculetur
1247 1422 1290 1463 me
1307 1410 1413 1463 osculis

183 1500 237 1551 oris
262 1500 314 1560 sui,
336 1498 398 1563 quia
419 1496 542 1548 meliores
557 1497 719 1548 dileccioues
742 1499 786 1546 tue
805 1509 885 1561 quam
900 1497 970 1547 uiua.
989 1494 1036 1547 ¹lu
1055 1496 1136 1549 odore
1159 1495 1278 1549 oleorum
1300 1501 1411 1551 tuorum

183 1587 325 1651 beatorum,
336 1586 426 1637 oleum
440 1588 599 1637 euacuaium
611 1581 643 1651 (¹)
660 1597 757 1636 nomeu
771 1587 857 1647 tuum,
870 1598 952 1649 super
966 1584 1016 1636 hoc
1027 1581 1060 1653 (¹)
1071 1584 1276 1637 adolescentule
1292 1584 1412 1651 diliguat

183 1679 219 1726 te.
242 1674 344 1725 ¹lrabe
365 1686 408 1724 me
422 1677 482 1738 post
502 1676 539 1733 te,
557 1685 707 1724 curremus.
723 1670 829 1722 induxit
843 1683 886 1721 mo
899 1667 930 1735 (¹)
945 1685 980 1720 or
993 1684 1040 1722 rex
1055 1670 1169 1724 talamos
1185 1685 1260 1738 suos,
1276 1672 1410 1725 exultabi-

182 1774 243 1813 mus
258 1765 285 1813 et
302 1759 444 1812 letabimur
459 1761 485 1810 iu
500 1762 538 1823 te,
556 1758 761 1811 memorabimus
774 1757 953 1811 dilecciouum
967 1763 1073 1812 tuarum
1088 1762 1150 1826 plus
1169 1762 1243 1814 uiuo.
1260 1761 1334 1815 liecti
1350 1762 1410 1815 dili-

183 1855 250 1916 gunt
266 1854 300 1901 te.

219 1940 314 2002 ‘Nigra
324 1950 374 2000 ego
389 1940 415 1988 et
425 1937 540 1988 iormosa
551 1932 595 2003 (⁶).
607 1935 669 1986 l'ilie
684 1924 841 1988 bdffismat
853 1936 1024 1988 tabernacula
1033 1934 1066 2005 (¹)
1078 1934 1214 2005 liedar(')‚
1223 1940 1293 1991 sicut
1305 1941 1409 1992 cortine

183 2027 337 2079 Salomonis.
357 2025 414 2076 ‘Ne
430 2024 605 2077 consideretis
622 2024 750 2089 mequod
767 2022 798 2091 (¹)
813 2037 864 2088 ego
880 2026 1032 2090 nigerrima,
1048 2026 1119 2091 quod
1134 2023 1182 2094 (¹⁰)
1196 2026 1363 2081 decolorauit
1375 2042 1409 2079 or

182 2114 231 2168 sol.
249 2114 304 2165 iiiii
318 2114 411 2165 matris
431 2125 489 2164 mee
505 2116 665 2164 exarserunt
681 2113 706 2163 iu
722 2125 773 2170 me,
791 2117 940 2177 posueruut
954 2126 996 2164 me
1010 2113 1206 2167 custodientem
1221 2116 1339 2181 uiueaur,
1354 2128 1408 2183 quc

181 2205 245 2255 milri
266 2217 320 2253 nou
340 2200 484 2254 custodial.
509 2202 628 2252 ¹Nurrcia
647 2202 720 2263 mibi,
741 2214 821 2266 parem
839 2201 925 2264 diligit
945 2204 1033 2255 anima
1051 2216 1120 2266 mea,
1137 2202 1183 2255 ubi
1202 2215 1298 2268 pascas
1317 2208 1345 2257 et
1362 2205 1408 2257 ubi

181 2293 265 2345 cubes
280 2294 306 2343 iu
327 2288 503 2357 meridie(¹¹),
526 2293 588 2356 quia
606 2290 639 2340 ad
659 2290 781 2355 quidem
801 2292 876 2357 qaiasi
896 2291 1059 2343 circumdata
1079 2293 1153 2343 iuxta
1166 2304 1262 2356 greges
1278 2292 1408 2347 sodalium

182 2386 311 2434 tuorum't
332 2384 340 2409 ¹
357 2380 381 2430 Si
402 2381 510 2432 noueris
531 2383 567 2443 te,
583 2393 618 2427 or
637 2378 729 2442 pulcra
745 2380 771 2429 iu
788 2378 955 2442 mutieribus,
974 2380 1114 2444 egredere,
1130 2380 1173 2432 abi
1192 2382 1220 2432 iu
1235 2382 1360 2447 uestigiis
1375 2396 1408 2433 ar

183 2468 264 2521 ouilis
277 2473 302 2521 el
318 2482 399 2535 pasce
416 2482 450 2518 ar
464 2468 547 2519 liedes
558 2471 619 2518 tuos
629 2469 704 2518 iuxta
720 2467 890 2518 tabernacula
905 2469 1049 2531 pastorum.
1069 2466 1221 2534 ¹liquitotui
1234 2482 1295 2521 meo
1311 2471 1408 2523 incur-

183 2557 257 2609 ribus
272 2557 405 2621 Faraouis,
422 2556 568 2619 assimiipui
585 2561 619 2615 le,
632 2556 704 2607 socia
719 2569 786 2607 mea.
804 2556 826 2583 ¹⁰
838 2555 929 2606 lutere
944 2568 1013 2620 gene
1028 2560 1074 2607 tue
1089 2556 1117 2607 iu
1132 2557 1295 2623 turturibus,
1307 2558 1406 2611 collum

182 2648 258 2696 tuum
275 2645 301 2695 iu
316 2642 471 2695 monilibus.
486 2643 506 2671 ¹¹
521 2642 646 2694 Turtures
661 2645 717 2693 auri
733 2643 860 2694 iaciemus
875 2642 923 2694 tibi
936 2642 1006 2693 sinit
1019 2639 1065 2709 (¹¹)
1081 2647 1222 2708 puuctatas
1236 2660 1271 2695 ar
1283 2650 1404 2710 argento.

183 2731 206 2761 ¹¹
220 2732 309 2784 ldiiuc
322 2732 394 2799 quod
408 2729 454 2799 (¹¹)
471 2745 518 2783 rex
534 2733 562 2782 iu
576 2732 701 2784 accubitu
717 2745 775 2793 suo,
788 2731 888 2783 nardus
902 2730 973 2783 dedit
988 2733 1095 2784 odorem
1111 2746 1201 2786 suum.
1220 2734 1242 2764 ¹³
1253 2734 1406 2788 Fasciculus

182 2821 261 2871 mirre
275 2821 390 2872 dilectus
405 2834 481 2872 meus
496 2819 560 2870 mibi
575 2820 646 2870 iuter
660 2818 742 2870 ubera
758 2832 816 2869 mea
831 2818 958 2870 mauebit.
975 2819 995 2848 ¹⁴
1009 2818 1102 2871 botrus
1113 2816 1160 2887 (¹¹)
1174 2834 1209 2871 ar
1223 2824 1348 2874 aramatis
1359 2820 1405 2890 (¹¹)

183 2908 297 2960 dilectus
317 2920 393 2959 meus
414 2907 477 2959 mibi
498 2909 525 2957 iu
546 2905 633 2958 uineis
653 2906 716 2957 ileiu
737 2905 806 2957 Gadi.
830 2907 851 2934 ¹⁵
864 2908 929 2958 lece
948 2910 977 2958 tu
1000 2907 1102 2972 pulcra,
1117 2910 1190 2960 socia
1208 2921 1278 2974 mea,
1294 2923 1360 2963 ecce
1376 2915 1404 2964 tu

183 2997 285 3063 pulcra,
303 2996 372 3047 oculi
388 2997 427 3048 tui
442 2994 634 3047 columbarum.
654 2995 675 3023 ¹⁶
688 2994 753 3046 Ecce
773 2999 801 3046 tu
823 2995 944 3060 pulcher,
959 2994 1056 3046 dilecte
1076 2997 1122 3060 mi,
1138 3000 1178 3048 ete
1192 2992 1239 3063 (¹¹)
1253 3000 1348 3051 suauis
1366 3002 1406 3051 ete

184 3087 269 3137 iectus
284 3089 378 3136 noster
392 3096 514 3136 ramosus
530 3081 586 3148 (¹¹).
604 3084 625 3112 ¹¹
638 3082 718 3144 ligna
733 3084 872 3134 domorum
888 3087 1039 3135 nostrarunl
1057 3083 1175 3146 cedrina,
1193 3084 1325 3151 laquearia
1343 3100 1406 3141 uos·

183 3176 221 3224 tra
235 3169 391 3236 cipressiua¹

218 3515 243 3563 2.
261 3509 318 3561 cod.
337 3509 396 3562 Gaii.
414 3507 481 3560 Trio.
498 3508 613 3561 cantalu.

219 3587 243 3635 3.
260 3581 342 3646 llargo
358 3598 365 3632 τ
381 3581 426 3631 ἀεὶ
440 3584 620 3632 exitionilum.

211 3656 243 3713 ,·l.
260 3652 317 3704 l'ide
333 3666 419 3718 supra,
434 3665 459 3702 u.
477 3653 499 3702 i.

218 3727 242 3774 5.
260 3723 341 3787 llargo
359 3739 365 3773 ε
380 3724 424 3771 aiei
438 3721 600 3773 introdartt.

218 3800 243 3845 ti.
262 3796 308 3844 tlet
318 3796 424 3857 patero.

219 3870 241 3915 7.
260 3864 341 3928 Margo
359 3883 365 3915 :
380 3864 540 3927 papiliones,

218 3941 241 3986 8.
260 3935 341 3999 llargo
358 3950 363 3982 :
380 3935 473 3983 Kertru·
486 3936 620 3984 obscuras.

217 4025 240 4071 a,
258 4012 299 4099 tf).

218 4146 258 4264 ΡΙ).
275 4141 358 4278 (mo
374 4231 380 4265 :
397 4215 441 4264 uel
456 4213 626 4277 tuor-idionis,
644 4217 707 4276 pato
723 4211 882 4280 abbatem]
899 4230 950 4266 noa
964 4217 1003 4268 est
1013 4215 1132 4280 plurale.

216 4600 255 4649 15.
275 4599 321 4646 Uet
330 4599 505 4662 eapiticiouis.

215 4686 255 4733 aa:
271 4668 325 4773 qt<

214 4809 253 4856 ii.
273 4806 485 4868 t'etsroadosus.
503 4804 576 4858 brar.
596 4820 628 4856 au
645 4802 680 4869 (¹2)
699 4820 803 4870 :super
816 4820 894 4855 auriae
906 4808 1007 4868 liparam
1024 4805 1196 4863 (reimerum.
