3180 5580
648 1007 867 1077 ChPllUbUll
892 1006 930 1074 lll

226 1270 267 1316 DE
292 1267 492 1316 ttrfluoorrs
516 1267 688 1316 llElllihlGlS
711 1266 753 1314 ΕΤ
778 1264 997 1315 Sllllhlil'l'hlllS
1023 1264 1064 1312 ΕΤ
1088 1264 1130 1311 DE
1155 1263 1356 1323 nullomodo

474 1391 643 1440 llEBlithAE
667 1390 794 1440 LlllGUAE
819 1387 1109 1438 eeouuurmmoue

222 1629 343 1692 llultum
360 1628 479 1708 quidem
497 1627 586 1688 distat
600 1630 678 1688 inter
693 1629 828 1687 notitiam
849 1626 996 1707 alphabeti
1022 1632 1051 1687 et
1066 1626 1173 1705 linguae
1188 1627 1354 1702 scientiam,
1372 1633 1402 1687 et

183 1727 284 1787 multae
304 1734 373 1787 sunt
397 1743 504 1798 causae,
521 1744 574 1785 cur
591 1725 704 1785 litteras
723 1724 789 1804 quis
811 1732 963 1785 extraneas
983 1723 1086 1800 discat,
1107 1741 1174 1783 cum
1201 1722 1237 1784 de
1257 1725 1320 1804 ipso
1340 1742 1403 1785 ser·

183 1842 270 1883 mone
286 1822 444 1883 ediscendo
466 1840 569 1903 parum
591 1831 684 1884 curet.
707 1822 788 1883 lnter
810 1839 882 1902 quas
903 1822 1032 1882 rationes
1052 1820 1114 1882 baec
1136 1821 1235 1882 forsan
1255 1823 1402 1901 praeeipua

184 1929 240 1995 est,
266 1919 343 2000 quod
364 1918 556 1982 Hebraeorum
580 1919 686 1980 litterae
711 1921 741 1979 in
760 1921 851 1980 sacris
873 1918 1044 1999 Scripturis,
1068 1936 1135 1979 cum
1152 1918 1183 1978 in
1205 1917 1328 1979 Psalmis
1353 1920 1402 1998 qui

184 2017 324 2079 dicuntur
339 2016 531 2098 alphabeticis
547 2024 609 2077 tum
625 2019 656 2077 in
670 2015 942 2077 lamentationibus
952 2016 1099 2088 leremiae,
1112 2015 1291 2096 peculiarem
1302 2015 1399 2076 locum
1427 2061 1428 2064 ,

184 2114 304 2192 habent,
322 2114 399 2177 uude
415 2133 450 2175 ex
464 2122 563 2175 vetere
584 2114 741 2175 traditione
762 2115 862 2175 nescio
882 2115 947 2193 quis
964 2114 1093 2190 magicus
1108 2130 1212 2173 sensus
1227 2113 1405 2174 characteri-

184 2212 240 2273 bus
256 2211 401 2273 hebraicis
420 2212 536 2273 additus
551 2221 607 2288 est,
624 2218 653 2272 et
669 2230 739 2272 usus
754 2210 789 2271 ab
810 2212 938 2290 antiquis
955 2208 1137 2291 temporibus
1152 2209 1286 2286 invaluit,
1303 2211 1404 2289 mysti-
1433 2221 1437 2226 ’

186 2331 252 2372 cum
269 2313 305 2372 iis
320 2328 440 2371 sensum
456 2308 616 2371 tribuendi.
640 2308 696 2370 Sed
720 2309 755 2370 de
777 2309 941 2386 allegoricis
964 2308 1022 2369 illis
1037 2308 1238 2369 characterum
1254 2306 1405 2369 hebraico-

189 2426 253 2467 rum
273 2405 567 2488 interpretationibus
582 2406 758 2482 luculenter,
780 2414 812 2467 ut
831 2404 955 2481 solebat,
977 2404 1115 2466 disseruit
1135 2406 1169 2466 Α.
1192 2405 1402 2467 llarmesteter.

227 2504 260 2565 ln
275 2505 376 2565 codice
392 2506 609 2584 pretiosissimo
625 2523 774 2564 sacrorum
786 2502 1039 2576 Bibliorum‚olim
1057 2501 1312 2579 Sangermanensi,
1326 2521 1404 2562 nunc

187 2601 264 2663 Bibl.
291 2608 351 2663 nat.
384 2601 433 2662 lat.
462 2602 571 2678 ll505,
604 2604 635 2661 in
658 2600 778 2663 Centula
802 2599 929 2676 abbatia,
956 2605 988 2658 ut
1010 2601 1125 2678 opinor,
1152 2601 1329 2680 conscripto,
1353 2601 1404 2678 qui

188 2705 287 2759 notam
304 2699 482 2780 praesefert
504 2700 573 2770 anni
594 2697 662 2774 822,
685 2699 831 2775 leguntur,
854 2695 1041 2772 1111131,
1063 2698 1124 2777 ipsa
1146 2714 1236 2756 manu
1251 2689 1403 2776 scriptoris

187 2798 332 2878 descripto
348 2795 500 2878 alphabeta
517 2798 584 2869 tria,
601 2795 822 2869 samaritanum,
835 2793 1006 2855 hebraicum
1022 2801 1051 2854 et
1062 2812 1200 2871 graecum,
1218 2812 1282 2872 quae
1297 2795 1405 2873 episto·

186 2895 244 2956 lam
261 2894 291 2957 S.
307 2895 389 2957 dudm
405 2897 565 2976 excipiunt.
584 2894 714 2967 Quorum
731 2895 860 2974 primum
875 2893 921 2954 his
936 2891 1033 2953 verbis
1048 2890 1204 2952 adducitur
1220 2914 1226 2952 z

223 3066 251 3117 lll
267 3069 329 3118 sunt
348 3064 480 3118 Samaritae
496 3066 541 3131 qul
560 3067 586 3118 et
605 3064 716 3130 patriam
730 3064 950 3117 consuetudinem
967 3065 1114 3126 6116111111,
1136 3064 1225 3128 ignem
1239 3061 1360 3115 colentes
1375 3066 1401 3116 et

184 3155 290 3221 Judaico
304 3155 436 3207 mandata.
454 3155 506 3207 Hoc
520 3154 597 3206 11111
612 3154 689 3206 nobis
704 3153 772 3206 scire
786 3151 892 3205 tradidit
911 3151 1017 3218 seriptis
1033 3152 1122 3205 suis...
1137 3151 1214 3204 llzras
1228 3151 1297 3215 legis
1312 3152 1404 3205 doctor

187 3245 297 3296 formam
317 3242 395 3295 aliam
414 3241 561 3295 litterarum
579 3243 694 3295 instituit
713 3243 763 3307 eis,
781 3243 881 3294 virtute
901 3244 988 3294 tamen
1004 3241 1152 3293 litterarum
1170 3241 1262 3292 eadem
1276 3244 1402 3294 serrato:

186 3332 284 3400 quibus
302 3333 397 3384 litteris
417 3333 496 3383 etiam
514 3344 586 3384 nunc
605 3335 717 3383 utuntur
736 3330 829 3382 ludaei.
851 3332 915 3383 Sunt
936 3330 1016 3394 igitur
1035 3329 1147 3383 ebraicae
1166 3330 1261 3382 litterae
1277 3343 1337 3395 quae
1357 3343 1405 3396 per

186 3422 294 3487 lloyseu
309 3426 371 3473 sunt
385 3422 486 3473 traditae
500 3435 566 3483 xxu,
583 3424 609 3473 et
623 3421 679 3472 baec
694 3419 799 3472 nomina
812 3432 915 3472 eorum.

223 3510 312 3563 Forme
327 3517 415 3564 autem
430 3512 488 3564 istae
504 3515 566 3562 sunt
583 3528 590 3562 z

589 3628 682 3695 hlepb
720 3619 748 3686 i)
786 3642 855 3681 mem
892 3630 989 3681 unicus

226 3892 318 3955 Nemo
334 3912 393 3953 non
408 3892 487 3953 ridet
502 3892 549 3951 hic
564 3910 695 3952 errorem
714 3891 910 3963 intercidisse,
933 3897 961 3950 et
977 3892 1151 3971 scriptorem
1169 3891 1283 3951 inverso
1300 3890 1404 3952 ordine

183 3992 265 4070 juxta
286 3994 405 4052 nomina
428 3991 629 4050 characterum
652 3989 857 4050 hebraicorum
880 3988 1006 4049 sormam
1028 3990 1159 4069 ipsorum
1176 3995 1206 4049 et
1228 3990 1336 4048 iterum
1352 4008 1405 4048 no-

188 4091 278 4165 mina,
295 4108 350 4149 nee
365 4107 423 4149 non
438 4094 551 4148 suetam
568 4089 841 4167 interpretationem
859 4095 971 4146 mutato
993 4087 1096 4147 ordine
1116 4086 1156 4146 ita
1177 4088 1355 4165 reposuisse,
1373 4094 1406 4146 ut

188 4207 203 4247 a
225 4186 320 4247 medio
335 4184 487 4267 alphabeto
504 4187 622 4245 initium
638 4193 780 4245 sumeret.
1137 4189 1140 4196 ’

227 4284 351 4360 Deinde,
368 4291 434 4365 post
449 4283 615 4346 absolutum
631 4283 765 4343 ordinem
777 4282 942 4342 litterarum
955 4283 1200 4357 samariticarum,
1217 4283 1405 4360 prosequitur

189 4384 251 4444 haec
265 4382 376 4445 addens
389 4402 396 4442 ε

225 4553 381 4607 Scribuntur
396 4556 486 4606 autem
498 4567 594 4607 sersus
609 4567 624 4604 1
639 4551 716 4604 nobis
737 4553 842 4604 inverse
858 4565 871 4602 a
886 4551 997 4614 dextris,
1014 4565 1128 4618 namque
1143 4566 1158 4604 a
1173 4548 1289 4604 sinistris
1304 4554 1406 4617 partem

189 4656 235 4696 eos
254 4643 360 4695 1111111.
381 4642 489 4708 Propter
507 4640 578 4707 quod
597 4643 623 4693 et
643 4653 692 4692 uos
712 4639 762 4692 boo
780 4640 873 4693 eodem
894 4638 970 4692 modo
991 4639 1095 4694 litteras
1115 4641 1263 4707 posuimus.
1284 4639 1406 4692 ludoicus

190 4745 253 4785 rero
267 4730 365 4797 quibus
384 4730 465 4784 etiam
483 4743 555 4783 nunc
571 4733 684 4783 utuntur
696 4730 777 4783 ludaei
798 4730 901 4783 hisdem
915 4728 1063 4795 vocabulis,
1084 4731 1176 4783 eadem
1195 4728 1303 4792 virtute,
1323 4729 1408 4782 torma

190 4823 328 4874 immutato
343 4823 456 4886 tautum,
471 4824 501 4874 ut
516 4834 596 4888 supra
610 4821 768 4873 taxavimus.
