3180 5580
493 468 665 512 curreretur
688 469 726 512 DE
749 468 831 512 unuh
854 467 1099 513 consecrantum.
1368 456 1408 516 35

185 586 290 660 Surak,
306 586 424 648 Judaeus
439 585 586 665 Hispanus
601 585 700 645 saeculi
723 601 753 659 x,
779 601 856 664 saepe
877 583 912 644 ab
932 584 1061 646 lsaacide
1077 586 1221 647 laudatus.
1239 588 1409 668 Explanatio

183 691 284 744 autem
298 681 447 759 hebraica,
464 701 528 762 quae
551 682 592 742 illi
607 701 694 759 pcroa
710 681 847 756 (licitum,
864 683 1011 761 ipsissima
1027 682 1143 743 Raschii
1165 684 1278 745 referre
1294 683 1410 745 videtur

184 776 286 839 rerba.

225 875 328 936 iliram
350 875 506 955 quamdam
537 875 722 935 intercedere
753 876 831 935 inter
859 876 1072 935 correctorium
1098 885 1232 937 nostrum
1263 885 1293 938 et
1321 896 1409 958 opera

185 974 292 1050 Rogeri
306 973 431 1034 Bacenis
446 973 708 1052 propinquitatem,
725 974 863 1051 princeps
884 972 1096 1032 demonstrarit
1119 972 1335 1035 Vercellonius
1352 975 1411 1035 hu-

186 1070 326 1131 diendum
343 1088 413 1148 ergo
429 1070 497 1149 quid
513 1070 589 1131 Baco
605 1070 641 1129 de
658 1071 800 1149 temporis
815 1071 861 1129 sui
876 1069 1048 1131 doctoribus
1063 1070 1160 1131 dicat:

222 1224 285 1277 llam
299 1236 352 1276 non
364 1226 427 1276 sunt
437 1228 552 1290 quatuor
565 1222 647 1276 latini
657 1225 703 1290 qui
713 1224 798 1275 sciant
809 1225 1006 1289 grammaticam
1016 1224 1195 1287 llehraeorum,
1207 1229 1234 1277 et
1249 1203 1408 1290 Grae'coruru,

186 1315 214 1365 et
227 1311 342 1365 trabum
358 1329 365 1365 ε
386 1313 456 1364 hene
474 1314 547 1365 euim
561 1324 695 1376 cognosco
710 1323 765 1373 eos,
787 1313 848 1377 quia
863 1315 890 1364 et
909 1314 976 1364 citra
992 1325 1064 1365 mare
1078 1317 1104 1365 et
1119 1313 1188 1364 ultra
1204 1314 1346 1376 diligenter
1360 1314 1413 1380 leci

186 1401 295 1468 inquiri,
311 1403 338 1452 et
354 1400 467 1453 multum
482 1402 509 1452 in
523 1399 566 1453 his
581 1399 706 1452 laborari.
725 1400 798 1452 llultl
811 1413 874 1451 uero
895 1400 1078 1465 inveniuntur,
1096 1400 1141 1468 qui
1158 1399 1247 1452 sciunt
1260 1400 1332 1468 loqui
1347 1414 1413 1466 gre-

187 1503 258 1553 cum,
275 1495 302 1543 et
316 1489 463 1554 arabicum,
479 1493 505 1541 et
521 1489 667 1551 hebreum,
683 1488 880 1551 intermunus,
894 1489 942 1540 sed
957 1488 1112 1553 paucissimi
1129 1494 1193 1542 sunt
1207 1492 1252 1557 qui
1270 1492 1357 1544 sciunt
1373 1503 1413 1543 ra-

187 1580 286 1631 tionem
303 1580 482 1643 grammaticae
492 1579 587 1643 ipsius,
605 1589 654 1630 nec
668 1578 758 1629 sciunt
769 1576 863 1628 docere
874 1589 932 1628 eam
947 1595 953 1629 :
970 1577 1070 1631 tentari
1084 1579 1155 1630 enim
1170 1578 1325 1644 permultos.
1339 1578 1411 1631 Sicut

188 1668 259 1720 enim
273 1667 334 1720 laici
349 1667 496 1733 loquuntur
516 1665 622 1729 linguas
641 1679 709 1730 quas
729 1664 880 1728 addiscunt,
896 1669 922 1717 et
937 1667 1062 1721 nesciunt
1076 1667 1205 1718 rationem
1219 1664 1410 1730 grammaticae,

189 1755 227 1808 sic
242 1761 285 1809 est
299 1756 333 1809 de
352 1751 468 1807 istis...².

224 1845 286 1896 llam
301 1857 395 1897 omnes
410 1844 497 1895 sancti
513 1846 539 1894 et
553 1842 705 1908 philosophi
719 1841 794 1893 latini
809 1844 836 1893 et
850 1846 935 1907 poetae
950 1844 1087 1895 sciverunt
1108 1844 1140 1896 de
1159 1842 1259 1907 linguis
1278 1843 1372 1895 alienis
1386 1847 1413 1895 et

189 1946 283 1985 omnes
300 1934 433 1999 sapientes
449 1933 561 1998 antiqui.
579 1943 692 1997 quorum
707 1931 805 1983 multos
820 1931 935 1983 vidimus
950 1932 1046 1984 durare
1061 1945 1147 1999 usquc
1163 1933 1197 1984 ad
1210 1935 1333 1984 nostrum
1347 1935 1413 1984 tem·

189 2034 251 2086 pus,
264 2023 294 2073 ut
304 2019 440 2072 dominum
450 2021 606 2086 episcopum
616 2019 829 2072 lincolniensem
840 2020 860 2084 ³,
873 2023 900 2071 et
910 2023 1031 2071 sanctum
1043 2020 1131 2080 Dauid,
1143 2024 1168 2071 et
1180 2020 1287 2072 tratrem
1301 2020 1380 2072 Adam
1389 2022 1410 2085 ⁴,

189 2113 216 2161 et
229 2108 329 2161 multos
343 2107 424 2162 viros.
440 2108 470 2160 at
492 2107 578 2160 adlruc
598 2107 680 2174 aliqui
700 2121 779 2159 senes
798 2109 942 2173 perdurant
956 2109 1001 2174 qui
1018 2111 1105 2160 sciunt
1120 2110 1243 2173 multum,
1260 2113 1288 2161 ut
1304 2107 1412 2173 sapien·

189 2197 310 2249 tissimus
324 2196 402 2248 homo
417 2198 443 2247 iu
459 2197 548 2249 studio
565 2197 649 2248 Sacrae
664 2197 816 2261 Scriptura,
833 2197 877 2262 qui
898 2209 1034 2263 nunquam
1054 2195 1144 2249 habult
1160 2211 1250 2262 parem
1263 2211 1278 2248 a
1293 2201 1411 2264 ternpore

190 2286 344 2337 sanctorum
358 2285 386 2335 in
401 2284 477 2336 litera
492 2283 649 2346 corrigentia
660 2287 685 2334 et
696 2283 862 2348 expositione
873 2296 970 2335 sensus
985 2283 1095 2336 literalis
1104 2288 1149 2338 ⁵...
1167 2284 1196 2336 Et
1215 2298 1283 2350 puer
1298 2287 1412 2337 loannes

189 2374 263 2426 norit
276 2372 374 2424 melius
392 2372 543 2437 intelligere
553 2373 610 2424 haec
621 2371 754 2437 exempla,
766 2373 886 2438 quamvis
900 2373 952 2423 siut
968 2370 1127 2436 theologica,
1142 2387 1222 2440 quam
1236 2385 1330 2426 omnes
1341 2375 1413 2426 theo-

189 2460 243 2525 logi
257 2462 304 2527 qui
320 2465 384 2512 sunt
400 2460 516 2513 lectores
531 2466 557 2513 et
570 2461 693 2512 doctores
707 2461 735 2511 in
750 2459 799 2511 hoc
813 2461 948 2514 mundo...
959 2462 978 2511 ⁸.

224 2549 331 2614 Oportet
345 2549 416 2601 enim
437 2547 508 2616 quod
527 2549 606 2601 homo
621 2549 686 2600 sciat
701 2560 819 2612 graecum
833 2552 858 2599 et
874 2547 1009 2599 hebraeum
1023 2549 1187 2600 sufficienter
1200 2552 1226 2600 et
1240 2548 1310 2601 hene
1325 2563 1413 2613 gram·

189 2635 311 2686 maticam
326 2633 476 2687 Latinorum
490 2636 518 2686 ln
537 2633 613 2685 libris
632 2634 771 2693 Prisciani;
791 2636 817 2686 et
831 2633 903 2699 quod
917 2633 986 2685 hene
1001 2635 1208 2686 consideraverit
1224 2636 1316 2688 modos
1331 2637 1413 2687 corri-

188 2720 269 2785 gendi
290 2725 316 2774 et
338 2724 395 2776 rias
416 2723 601 2790 probationum
622 2737 691 2776 verm
712 2723 894 2786 correctionis,
916 2721 1018 2773 adhoc
1040 2723 1112 2789 quod
1131 2726 1267 2788 sapienter
1281 2726 1410 2789 corrigam

189 2809 259 2875 quod
273 2810 366 2863 nullus
381 2826 499 2879 unquam
513 2812 576 2864 iecit
592 2814 644 2864 nisi
664 2812 709 2864 ille
725 2814 832 2878 sapiens
847 2825 926 2879 quem
941 2810 1005 2861 uixi.
1027 2810 1078 2862 llec
1097 2814 1202 2875 mirum,
1218 2815 1351 2878 cumipse
1365 2826 1412 2878 po·

189 2896 243 2947 suit
263 2895 320 2948 iera
340 2897 515 2964 quadraginta
536 2912 620 2951 annos
641 2898 668 2949 in
688 2898 770 2951 litera
791 2899 956 2950 correctione
980 2900 1005 2948 et
1026 2910 1107 2951 sensu
1126 2901 1223 2952 literali
1239 2901 1406 2966 exponendo.

188 2984 284 3039 Omnes
298 2990 361 3039 sunt
376 2986 464 3039 idiota
479 2990 603 3052 respectu
619 2987 701 3051 illius,
718 2992 744 3038 et
759 2985 826 3038 nihil
841 2988 931 3037 sciunt
946 2986 973 3036 in
988 2984 1038 3039 hac
1052 2991 1128 3053 parte
1139 2990 1160 3040 ¹.

224 3127 327 3207 Neque
342 3125 463 3188 dubium
481 3136 526 3187 est
541 3129 611 3206 quin
622 3136 773 3186 corrector
784 3136 885 3186 noster
895 3127 1056 3207 discipulus
1066 3128 1190 3189 Bacenis
1202 3128 1301 3189 luerit.
1314 3130 1410 3191 Testis

187 3226 266 3286 enim
282 3233 328 3286 est
342 3225 377 3286 H.
395 3225 509 3286 Deuille
525 3244 633 3284 nomen
649 3226 713 3303 ejus
725 3226 754 3283 in
767 3223 1052 3285 codicellinsirilensi
1063 3223 1113 3301 ⁶28,
1126 3225 1230 3305 dequo
1246 3226 1408 3289 nobismori

186 3329 299 3399 agetur,
316 3320 383 3399 legi.
402 3321 457 3394 Qui
472 3341 531 3381 non
547 3322 621 3381 alius
638 3320 728 3380 luisse
744 3320 852 3380 (licitur
866 3339 952 3399 quam
969 3320 1060 3380 irater
1077 3321 1248 3383 Willormus
1263 3323 1299 3383 de
1319 3323 1407 3401 Mara,

187 3420 236 3497 qui
250 3428 311 3479 non
327 3417 486 3497 ignobilem
503 3421 532 3478 in
548 3418 650 3478 ordine
668 3419 815 3477 minorum
832 3417 929 3477 locum
946 3417 1074 3478 obtinuit
1090 3427 1119 3478 et
1135 3420 1409 3488 entitlmmiotorum

187 3518 400 3593 aolosiqoonua
414 3517 473 3577 dici
491 3516 601 3576 meruit
611 3523 630 3576 ⁸.
649 3514 749 3594 Neque
766 3516 882 3574 mireris
898 3514 975 3594 quod
999 3513 1174 3576 Oxoniensis
1195 3517 1244 3576 ille
1271 3519 1407 3580 minorita

188 3622 297 3675 mutam
326 3611 430 3693 prodat
457 3613 564 3690 lingum
585 3612 734 3690 gallicanae
757 3613 904 3687 notitiam,
930 3630 996 3671 cum
1019 3632 1053 3672 er
1073 3614 1137 3691 ipso
1157 3613 1271 3674 Bacone
1294 3617 1409 3675 noveri-

188 3730 252 3773 mus
271 3712 492 3772 universitatem
519 3712 711 3790 parisiensem
734 3711 804 3769 uiris
827 3709 920 3770 doctis
946 3713 1026 3788 regni
1054 3710 1159 3787 anglici
1181 3712 1262 3789 quasi
1285 3711 1405 3772 alteram

186 3808 277 3871 luisse
301 3811 436 3890 patriam.
463 3807 608 3870 Caeterum
637 3809 666 3866 in
688 3807 789 3867 codice
814 3807 990 3868 Einsirllensi
1011 3808 1136 3886 legimus
1159 3808 1346 3869 Willermum
1370 3811 1406 3871 de

187 3907 263 3970 Mara
277 3910 494 3970 correctionem
512 3915 607 3967 textus
622 3906 724 3967 Bibliro
741 3907 861 3968 Parisiis
878 3909 1052 3968 instituisse.

186 4124 252 4176 uitur
265 4124 432 4189 composuisse
448 4127 513 4189 quod
528 4141 551 4176 a.
572 4125 638 4175 tall
654 4125 736 4176 studio
754 4124 820 4175 S.-G.
839 4123 911 4175 Storn
926 4125 989 4188 typis
1010 4125 1113 4191 prodiit,
1131 4122 1179 4175 luit
1195 4128 1220 4176 et
1236 4127 1288 4188 ipse
1306 4127 1406 4178 natione

186 4194 320 4263 llispanus,
335 4209 357 4247 a.
379 4197 444 4248 1160
460 4195 553 4247 Salerni
568 4197 667 4259 degens

222 4280 244 4331 l.
262 4279 321 4332 llido
335 4277 407 4346 Lery,
429 4280 610 4333 tl'oerlcrbuch.
623 4284 641 4329 t.
655 4278 693 4346 lV,
706 4295 728 4344 p.
750 4280 809 4346 113,
826 4295 845 4330 s.
864 4294 886 4331 r.
905 4261 1035 4337 WWD.

221 4352 246 4402 2.
265 4357 335 4414 opus
349 4353 448 4411 mtous,
465 4353 504 4402 erl.
521 4350 628 4414 Breuem
644 4366 668 4414 p.
686 4354 728 4403 33.

221 4426 245 4474 3.
263 4421 396 4473 liohortum
411 4420 555 4473 Grosthearl.

221 4493 246 4543 l.
263 4490 372 4544 Fratrem
385 4490 459 4544 idam
476 4495 504 4544 tle
520 4493 631 4543 llarisco.

221 4565 245 4615 5.
265 4565 336 4628 Opus
351 4567 451 4621 tutata,
467 4578 490 4627 p.
510 4566 551 4613 88.

221 4637 244 4684 6.
264 4632 364 4702 lhidem,
381 4649 404 4698 p.
423 4636 465 4685 89.

222 4708 244 4755 i.
263 4704 363 4772 lhirlcm,
380 4719 403 4768 p.
423 4707 464 4757 93.
483 4704 516 4756 ct.
535 4705 614 4770 tiouy,
629 4720 654 4770 p.
671 4706 721 4757 lae
738 4721 807 4770 seqq.

221 4778 246 4826 8.
263 4774 297 4826 lle
311 4789 360 4839 quo
375 4777 470 4839 legendi
486 4776 604 4839 Wadtliug
619 4781 643 4828 et
658 4776 790 4838 Sharaglia.
