3180 5580
518 905 520 910 ,
615 846 833 915 ulelrulutl
856 846 894 913 ill

366 1060 407 1107 bn
433 1061 599 1127 nrisrobls
623 1062 769 1110 inanimi
794 1060 957 1109 cutusnltl
981 1060 1146 1110 noerollis

182 1231 306 1314 Propius
334 1233 433 1295 forsan
456 1235 492 1294 ad
515 1236 660 1296 doctorem
685 1235 855 1296 mirabilem
880 1232 1028 1312 Rogerum
1056 1235 1202 1295 Baconem
1227 1236 1368 1296 accedere

141 1347 311 1408 possumus.
329 1331 429 1392 Exstat
449 1333 529 1392 enim
546 1334 576 1392 iu
593 1332 697 1393 eodem
713 1333 814 1392 codice
831 1331 975 1393 Tolosano
996 1332 1055 1393 402
1069 1337 1089 1408 ¹,
1115 1352 1149 1392 ex
1169 1350 1227 1412 quo
1253 1350 1370 1394 corree-

140 1429 251 1488 torium
270 1427 366 1492 Sacrae
383 1427 543 1510 Scriptura
556 1431 780 1510 descripsimus,
798 1429 876 1490 aliud
904 1429 1049 1508 quoddam
1070 1448 1154 1509 opus,
1177 1430 1254 1508 quod
1270 1429 1309 1489 ita
1325 1431 1371 1489 in·

141 1524 233 1603 cipii¹
247 1543 254 1585 :

175 1677 302 1737 Quoniam
320 1679 434 1746 quedam
453 1680 528 1746 glose
547 1683 713 1734 mencionem
732 1681 832 1733 iaciunt
850 1681 883 1732 de
902 1681 998 1732 litteris
1013 1683 1039 1733 et
1054 1680 1194 1732 uocabulis
1214 1679 1322 1733 hebreis
1341 1684 1368 1732 et

139 1767 229 1830 grecia
246 1769 273 1819 et
293 1769 427 1821 interdum
446 1770 479 1822 de
493 1771 600 1824 casibus
615 1773 713 1836 grecis,
730 1775 756 1823 et
770 1771 923 1823 huiusmodi
942 1772 1128 1834 ignorantura
1151 1770 1250 1834 leticie,
1271 1771 1304 1822 ad
1327 1772 1368 1822 in-

142 1856 318 1909 structionem
334 1863 488 1911 nostromm
505 1859 647 1911 latinorum
662 1862 727 1925 quot
742 1860 795 1911 sint
809 1859 896 1911 littere
910 1860 938 1910 in
953 1863 1066 1925 utraque
1081 1856 1173 1922 lingna
1188 1858 1369 1923 predictorum

139 1946 166 1995 et
186 1946 295 1999 nomino
313 1959 404 1999 earum
423 1947 606 2000 describemus
621 1951 647 2000 et
666 1947 798 2000 uocabula
820 1948 866 1999 illa
885 1950 913 1999 in
933 1947 1018 2011 glosis
1035 1951 1139 2012 reperta
1161 1950 1236 1999 iuxta
1250 1947 1370 1999 ordinem

139 2031 266 2085 librorum
280 2032 362 2086 bibile
377 2036 406 2085 et
427 2034 603 2100 capitulorum
618 2047 710 2087 eorum
721 2038 804 2100 prout
820 2034 931 2086 breuius
945 2033 1092 2100 poterimus
1105 2047 1303 2100 exponemus...

178 2121 286 2174 domina
299 2120 451 2175 litteramm
469 2126 495 2175 et
509 2123 573 2175 ordo
587 2136 678 2176 earum
694 2122 737 2176 liic
752 2127 794 2175 est
810 2141 816 2175 :
838 2124 927 2187 alepi.
944 2125 1012 2175 betia.
1029 2123 1120 2188 piaret.
1137 2123 1233 2175 deleti.
1249 2124 1290 2176 be.
1311 2123 1367 2186 vos.

142 2208 209 2260 zoin
222 2209 242 2263 ³.
256 2210 328 2262 aare.
347 2211 414 2264 teta.
429 2211 483 2264 iod.
499 2213 596 2276 clepo.
615 2213 713 2265 lurrred.
729 2227 808 2267 carcar,
824 2227 893 2266 arura.
913 2214 1030 2266 sorrrcclr,
1048 2213 1107 2264 oio.
1123 2214 1183 2276 plue.
1200 2212 1272 2264 sude.
1291 2213 1367 2275 copo.

142 2312 196 2352 ree.
221 2299 278 2351 sia.
299 2297 395 2363 ibas...
415 2302 471 2352 dou
492 2305 518 2353 et
537 2303 603 2353 tirou
622 2301 721 2354 babent
740 2302 895 2367 diptongum
911 2303 963 2352 αι’
985 2314 1038 2368 qne
1053 2305 1129 2354 sonat
1144 2299 1184 2364 oj,
1199 2304 1225 2354 et
1239 2301 1298 2354 ideo
1313 2302 1367 2353 dixi

141 2386 197 2452 rtoj
207 2391 234 2442 et
248 2389 318 2452 idas.
327 2430 343 2442 ..

182 2524 252 2586 Post
268 2524 387 2586 brevem
405 2531 563 2585 tractatum
579 2525 614 2585 de
642 2526 749 2586 litteris
771 2525 917 2586 hebraicis
941 2533 971 2585 et
995 2528 1107 2604 gracie,
1133 2528 1179 2587 cui
1200 2527 1367 2587 annectitur

141 2622 225 2701 quasi
244 2621 377 2701 quaedam
393 2625 582 2699 grammatica
598 2641 703 2699 graeca,
721 2624 866 2702 incipiunt
891 2631 1035 2702 excerptae
1056 2625 1085 2683 in
1101 2622 1218 2684 Sacram
1236 2623 1368 2703 Scriptu-

140 2737 204 2781 ram
220 2718 435 2797 adnotationes,
452 2739 517 2800 queo
529 2722 558 2780 iu
574 2738 609 2779 eo
625 2739 641 2779 a
657 2719 892 2801 praecedentibus
908 2718 1058 2796 differunt,
1076 2721 1153 2800 quod
1173 2739 1233 2780 non
1248 2720 1284 2779 ad
1301 2737 1367 2780 cor-

142 2817 306 2876 rectionem
322 2817 373 2878 sed
389 2817 425 2877 ad
442 2818 667 2896 intelligentiam
684 2827 781 2878 textus
796 2826 941 2897 spectant.
958 2816 1118 2877 ldemvere
1130 2818 1244 2878 videtur
1258 2824 1362 2878 auctor

142 2914 295 2994 utriusque
312 2912 404 2975 libelli
428 2934 503 2976 esse.
527 2915 608 2975 Idem
631 2915 768 2993 loquendi
793 2932 885 2990 gorius
909 2921 964 2986 est,
982 2912 1084 2973 eadem
1108 2914 1193 2993 plane
1215 2913 1360 2988 doctrina,

140 3010 252 3071 eaedem
268 3029 350 3091 paene
366 3011 396 3072 in
412 3010 549 3072 omnihus
561 3012 691 3092 phrases.
706 3010 813 3072 Confer
823 3030 849 3071 e.
862 3028 907 3087 gr.
919 3029 984 3089 quoe
995 3019 1159 3089 sequuntur
1170 3029 1237 3070 cum
1249 3011 1285 3071 iis
1297 3028 1363 3089 quae

141 3125 228 3188 supra
244 3110 417 3188 posuimus:

175 3260 227 3314 iol.
246 3263 296 3314 roi
311 3265 361 3315 vl:
383 3262 562 3328 Prepesitiuus
581 3263 710 3315 articulus
730 3266 757 3314 in
773 3263 950 3315 declinatione
970 3263 1106 3315 nominum
1123 3265 1150 3314 et
1165 3263 1365 3328 participiorum

139 3350 297 3417 preponitur
310 3352 379 3404 sicut
393 3352 438 3402 dic
453 3355 478 3403 et
492 3353 540 3402 bec
554 3356 580 3403 et
595 3354 643 3402 boc
663 3364 810 3417 pronomen
831 3352 980 3405 articulare.
998 3351 1153 3418 Proponitur
1169 3352 1247 3403 otiam
1263 3351 1363 3404 eisdem

139 3440 168 3491 in
181 3439 300 3492 oratione
315 3441 384 3492 sicut
400 3441 427 3491 llt
444 3441 471 3490 in
486 3440 581 3504 gallico
596 3455 657 3492 cum
673 3441 770 3492 dicitur
784 3440 807 3491 u·
823 3440 938 3491 irruistre
953 3440 1014 3493 list.

179 3577 280 3658 Neque
293 3586 392 3641 tamen
407 3577 541 3640 Graecum
553 3598 648 3660 neque
663 3579 818 3640 Hebraeum
832 3598 899 3639 eum
911 3579 1001 3639 fuisse
1010 3579 1131 3654 dixeris,
1143 3598 1212 3638 nam
1225 3580 1253 3638 in
1265 3598 1362 3655 graeco

138 3694 199 3737 non
213 3676 305 3739 semei
321 3676 494 3752 barbarizat,
512 3686 544 3737 ut
560 3675 816 3757 insequentibus:

174 3826 227 3883 iol.
244 3831 295 3884 rei
310 3839 338 3882 ι’
353 3849 360 3883 :
376 3832 568 3897 iuterpretatur
582 3835 671 3882 autem
683 3844 817 3894 prosopoa
833 3829 869 3881 od
884 3830 985 3892 uiscera,
1003 3844 1064 3882 nam
1074 3845 1141 3894 pros
1156 3834 1197 3883 est
1212 3831 1358 3896 preposiiio

138 3933 192 3988 qne
205 3919 338 3984 significat
352 3920 396 3982 od,
413 3922 473 3984 opto
489 3918 583 3979 uideo,
598 3919 659 3971 inde
673 3919 746 3983 opsis
762 3923 788 3970 et
804 3934 871 3982 oport
887 3918 976 3971 uisere.

177 4144 199 4195 l.
216 4142 249 4196 lie
263 4145 359 4197 ceteris
373 4145 498 4196 codicibus
511 4158 525 4194 a
541 4145 611 4195 nobis
626 4150 711 4206 pbstea
725 4147 829 4196 dicotur.

174 4217 199 4267 2,
220 4213 269 4268 iol.
296 4217 358 4279 233,
380 4216 405 4267 ln
427 4216 505 4267 medio
528 4217 727 4279 antepenultima
749 4218 819 4267 lineae
839 4218 927 4280 prioris
948 4218 1077 4269 columnae.
1102 4215 1128 4267 ln
1148 4231 1244 4268 summa
1270 4219 1359 4281 pagiua

137 4288 228 4351 iegitur
244 4282 309 4354 lsaec.
326 4288 391 4338 circa
407 4284 453 4350 xlvi
473 4301 478 4335 :
497 4289 528 4335 lu
536 4288 595 4350 siue
612 4287 691 4337 iretur
710 4289 849 4350 colrrmpac
868 4291 1016 4351 erepturum
1036 4290 1210 4337 correctiones
1230 4289 1312 4336 biblio
1333 4291 1358 4337 ct

137 4357 201 4409 lade
220 4361 348 4409 secuntur
369 4357 482 4421 quedam
506 4358 704 4408 amiabilirsr'mu
724 4373 803 4420 rrrrpw
825 4359 862 4408 ed
877 4360 964 4424 serrem
986 4359 1057 4409 troi-t.
1081 4357 1108 4410 ut
1129 4359 1154 4409 in
1176 4360 1254 4424 calce,
1271 4361 1357 4410 eadem

137 4441 213 4481 mann
228 4442 235 4479 :
250 4431 298 4480 Hic
312 4431 444 4493 incipiunt
458 4430 572 4492 quedam
587 4429 807 4478 extraordinario
823 4430 953 4480 aclaudio
967 4431 1058 4480 ualde.

174 4502 198 4552 3.
218 4500 243 4550 l·
257 4513 290 4551 nr.
309 4515 314 4549 :
330 4503 384 4552 zoi.
401 4498 439 4552 Sic
453 4501 542 4563 legitur
556 4501 580 4550 iu
597 4499 668 4551 l‘nor.
685 4515 738 4549 ιιιι
753 4502 778 4550 in
793 4502 874 4552 bibliis
888 4500 1013 4552 Tbeodulll
1028 4505 1053 4552 et
1067 4502 1091 4551 in
1104 4502 1287 4563 exemplaribus
1299 4515 1358 4553 saec.

137 4584 230 4621 aruir.
247 4570 315 4634 lipud
328 4569 491 4623 'lbeodullum
507 4572 595 4633 legitur
609 4586 666 4619 erra
681 4586 724 4634 prm)
737 4575 790 4622 sia,

173 4643 198 4693 i.
216 4641 252 4692 lta
266 4643 290 4693 in
306 4644 399 4694 codice.
416 4642 475 4693 item
491 4643 532 4692 iel.
551 4645 599 4693 233
616 4645 642 4692 ι0
658 4654 664 4692 :
685 4660 694 4686 ι
713 4642 824 4693 Secunda
839 4644 920 4695 littera
935 4656 1007 4706 greca
1017 4643 1086 4709 dcto,
1099 4646 1140 4694 set
1155 4657 1226 4708 grece
1241 4647 1301 4694 trito
1318 4659 1361 4696 uo-

137 4716 209 4764 cetur
222 4714 337 4769 etbabet
354 4727 441 4764 sonum
461 4726 476 4760 e
494 4708 562 4776 (sic),
585 4716 610 4763 et
631 4715 697 4778 quod
719 4714 785 4777 greci
810 4719 899 4767 uocant
920 4717 959 4764 ilo
980 4715 1118 4765 Priscianus
1140 4716 1251 4768 nominat
1272 4718 1317 4764 eto
1334 4734 1356 4767 ι.

136 4780 185 4834 Ful.
204 4785 255 4837 235
269 4785 373 4848 legimus
388 4785 412 4835 in
428 4797 509 4848 graeco
522 4783 625 4846 ousion.
