3180 5580
753 881 1009 954 EPILOGUS

308 1377 342 1438 ln
358 1377 510 1458 propatulo
528 1386 572 1437 est
587 1377 700 1454 linguas
715 1394 838 1454 grmoam
855 1382 883 1435 ot
899 1374 1065 1435 hebraicam
1086 1382 1154 1434 anna
1175 1382 1366 1436 renascentes
1380 1374 1491 1437 seculo

188 1462 190 1467 ’
269 1492 319 1534 xvr
335 1475 448 1534 litteras
464 1474 539 1555 apud
558 1494 610 1535 nos
626 1477 810 1555 paucissimis
826 1475 1002 1534 innotuisse.
1012 1473 1049 1535 Ut
1060 1476 1140 1533 enim
1155 1471 1272 1535 dicebat
1286 1472 1438 1555 Phiiippus
1452 1460 1491 1533 de

268 1571 413 1650 liammnr,
432 1571 522 1633 abbas
537 1573 626 1634 Bonae
642 1572 721 1653 Spei,
740 1576 795 1632 atsi
809 1573 959 1632 intr-eoa
972 1590 1066 1647 praeca
1085 1591 1118 1632 oo
1137 1573 1211 1633 dota
1229 1579 1298 1632 sont
1316 1572 1421 1632 ordino
1436 1588 1491 1648 pa·

268 1670 360 1729 tritas
375 1671 411 1730 ot
427 1671 563 1746 antiqno,
578 1677 676 1730 tamon
691 1673 762 1747 qaia.
777 1689 836 1729 non
849 1688 905 1727 aisn
920 1672 970 1729 aeri
984 1673 1068 1748 samo
1079 1670 1194 1729 roland
1208 1687 1262 1729 nos
1272 1670 1359 1745 qnasi
1368 1669 1493 1729 veniant

268 1767 304 1826 do
320 1767 489 1842 tonpinqoo
508 1768 617 1826 eisdem
632 1767 777 1844 valefacto
792 1768 831 1825 ori
846 1767 970 1825 latinam
988 1772 1160 1843 praesentem
1179 1772 1280 1826 nostor
1296 1771 1445 1842 atonoqaa
1459 1782 1492 1825 so

268 1864 399 1940 applicat
417 1865 617 1923 irrtaiiertao¹.
641 1863 712 1924 Cum
738 1871 836 1923 autom
860 1881 952 1923 novas
977 1865 1066 1923 ctiam
1088 1864 1209 1943 spiritus
1233 1862 1407 1943 adspiraret,
1428 1879 1491 1922 non

267 1959 426 2020 defuerant
441 1961 489 2039 qui
507 1961 535 2020 in
552 1979 601 2021 eas
617 1960 751 2039 querelas
768 1969 969 2041 erumperent,
988 1978 1058 2038 quas
1070 1979 1104 2019 ex
1119 1958 1253 2020 Conrado
1267 1959 1304 2019 da
1319 1956 1492 2019 Herasbacir

268 2056 404 2117 andimus
419 2077 425 2116 :
442 2058 552 2117 Audiri
571 2060 747 2117 monacham
761 2059 794 2116 in
809 2059 933 2118 ecclesia
952 2058 1164 2117 declamantem
1186 2056 1248 2131 qni,
1265 2052 1360 2127 Nora,
1378 2055 1489 2127 oiebai,

268 2159 385 2229 raoapta
400 2160 442 2212 eat
457 2155 573 2230 iinpaa
589 2172 650 2230 aare
665 2161 786 2213 aooatnr
798 2173 903 2230 parra,
921 2156 957 2214 at
973 2156 1029 2213 tao
1043 2154 1144 2212 seditio
1159 2152 1341 2224 oooondnm,⁸
1357 2153 1494 2212 tondam-

268 2268 323 2325 qna
350 2250 491 2323 oriijeoit:
512 2252 581 2310 Atia
595 2253 661 2325 jam·
681 2253 779 2311 oritnr
799 2253 914 2329 tinpaa,
935 2269 1023 2329 qaam
1045 2256 1150 2310 aaroni
1169 2252 1322 2324 debraeam,
1344 2251 1423 2311 iano
1439 2252 1494 2327 qai

268 2347 395 2421 darant,
414 2349 581 2424 officiarainr
593 2346 687 2409 iradai
697 2352 720 2409 ¹.

310 2442 371 2503 Hoc
396 2451 494 2503 tamen
514 2446 592 2503 inter
612 2462 736 2521 graecam
757 2443 885 2521 linguam
907 2452 936 2503 et
951 2443 1119 2505 hebraicam
1135 2444 1315 2504 discriminis
1334 2451 1398 2503 crat
1412 2443 1493 2523 quod

270 2557 363 2617 graeca
385 2559 400 2600 e
424 2540 582 2619 longinquo
605 2540 764 2620 expetenda
788 2549 862 2616 erat,
880 2539 1014 2600 hebraica
1035 2543 1065 2600 in
1088 2541 1220 2620 proximo
1243 2548 1317 2600 erat.
1333 2538 1395 2601 Noc
1416 2539 1495 2602 mut·

272 2644 332 2695 tum
350 2654 415 2696 esse
432 2635 586 2716 reputabat
600 2637 676 2697 [iaco
704 2655 758 2713 pro
772 2643 857 2696 tonia
872 2638 1001 2696 utilitato
1020 2638 1064 2696 iro
1085 2638 1117 2695 in
1131 2636 1261 2706 ltaliam,
1275 2637 1308 2695 in
1321 2654 1381 2712 poa
1393 2637 1494 2697 otono

270 2741 297 2794 at
316 2736 444 2811 popalus
463 2740 531 2794 anni
551 2753 625 2811 para
645 2736 732 2810 praei
753 2738 786 2794 in
810 2737 913 2794 micitia
935 2736 1027 2808 toois‚·
1042 2737 1174 2793 doctores
1188 2740 1287 2793 antam
1308 2734 1494 2795 initoiroioo

268 2849 329 2891 non
353 2833 468 2905 dosora,
495 2834 564 2907 qnia
589 2833 787 2907 antiquarunt
811 2834 957 2894 Hatrai³.
977 2831 1109 2908 Seniano
1128 2832 1261 2891 iominao
1282 2831 1336 2910 (ita
1360 2830 1495 2911 loquitur

272 2929 361 3005 Baco)
379 2930 513 2989 Parisios
524 2936 553 2988 at
568 2930 600 2988 in
615 2930 745 2989 Francia
759 2937 785 2989 et
802 2932 925 2989 altarino
935 2932 968 2989 in
983 2930 1117 2989 omnibns
1132 2929 1313 3005 ropioniina,
1325 2930 1378 3006 qni
1392 2930 1429 2991 do
1442 2930 1493 2991 itia

268 3025 396 3095 (scilicet
417 3025 453 3086 do
473 3026 570 3103 lingna
591 3025 738 3101 hebraica,
755 3026 870 3087 arabica
887 3036 917 3086 ot
932 3026 1092 3097 chaldaica)
1106 3027 1203 3085 oritoni
1218 3030 1361 3101 panoniam
1375 3043 1495 3087 nocato

269 3124 361 3200 {iterii
379 3123 411 3181 in
425 3124 589 3198 tropario.
609 3122 738 3183 arecon
759 3140 825 3181 roro
849 3123 979 3182 rnoairno
998 3124 1158 3182 concordat
1171 3140 1238 3182 arom
1259 3122 1367 3197 latino,
1382 3132 1412 3183 ot
1425 3132 1497 3184 sont

270 3221 357 3279 rnatii
373 3221 405 3279 in
426 3220 536 3295 Arapiio
555 3226 583 3278 rt
607 3221 639 3278 in
662 3219 801 3289 Francia,
826 3222 877 3296 qni
900 3223 954 3280 too
977 3224 1052 3281 satio
1076 3222 1214 3281 instructi
1228 3224 1333 3280 annt⁴.
1350 3218 1495 3290 Queritur

272 3323 370 3375 tanren
386 3316 462 3376 Baco
480 3317 671 3395 pronoissirnos
688 3335 752 3375 esso
768 3318 927 3391 antariani
942 3319 1090 3377 rationem
1103 3316 1305 3394 prommoiioae
1320 3318 1416 3393 ipsios
1428 3321 1451 3373 ⁵.

310 3412 382 3474 Cum
398 3414 477 3472 enim
496 3413 602 3488 atipno
621 3414 682 3472 sint
696 3413 818 3481 licii-nt,
835 3432 922 3473 nemo
946 3412 1102 3474 mirabitur
1121 3413 1239 3477 iudaeos
1258 3412 1422 3493 baptizatos
1436 3413 1496 3474 lin·

269 3528 332 3589 gum
348 3509 493 3570 hebraicae
508 3510 675 3570 christianis
691 3512 854 3591 praecipuos
868 3512 959 3572 saissa
983 3520 1190 3592 praeceptores.
1208 3510 1290 3571 Inter
1305 3528 1379 3590 quos
1395 3510 1445 3572 itte
1460 3519 1496 3571 ut

271 3616 404 3688 tompore
421 3609 460 3668 ita
477 3608 609 3668 doctrina
626 3611 761 3686 eminuit,
786 3612 835 3689 qui
861 3610 1038 3683 (iocationes
1052 3611 1207 3669 hebraicos
1225 3611 1259 3669 in
1274 3608 1367 3669 iiiios
1382 3609 1495 3687 depono

270 3766 485 3776 n.—

310 3863 330 3911 1,
349 3859 387 3910 Er.
407 3875 463 3911 mn.
483 3863 577 3925 (tpara,
594 3863 633 3913 ed.
650 3860 723 3913 liaar.
747 3866 822 3927 iiiii,
839 3877 862 3925 p.
882 3865 923 3913 85.
942 3864 1007 3913 (iniit
1020 3862 1045 3912 A.
1064 3861 1091 3913 D.
1113 3865 1189 3914 1182.

306 3934 330 3981 2.
350 3934 387 3981 lie
402 3932 527 3981 iorrdiins
541 3946 688 3994 armoniam
706 3934 858 3982 litterarum
874 3936 968 3985 oratio.
985 3949 1023 3997 ap.
1041 3932 1067 3984 t.
1086 3933 1216 3991 lteinhard.
1234 3948 1257 3997 p.
1276 3940 1301 3985 8.

307 4006 331 4051 3.
349 4006 439 4065 Conrp.
455 4002 549 4062 stadii,
565 4018 588 4067 p.
608 4004 667 4054 ata.
685 4004 794 4055 Notanda
809 4006 882 4055 etiarn
897 4005 965 4054 batia
986 4005 1077 4055 inedita
1097 4003 1196 4069 Eugeaii
1216 4016 1285 4068 papia
1305 4002 1344 4070 lt,
1359 4016 1434 4067 quam
1448 4018 1495 4057 no·

270 4073 364 4123 hiscum
380 4074 550 4125 liberalissime
569 4076 758 4126 communicarit
779 4074 807 4124 H.
829 4074 930 4140 Donido,
951 4076 1006 4126 data
1029 4072 1166 4140 Florentiae,
1187 4091 1202 4126 a
1225 4077 1333 4139 1135st
1358 4076 1392 4127 id.
1410 4090 1493 4141 apr:

270 4144 403 4206 sopenna
418 4146 466 4195 oio.
484 4146 618 4195 (tairorsts
633 4148 681 4195 rio.
697 4147 824 4197 scriniaria.
849 4148 912 4194 dnm
932 4145 1044 4195 {tilectus
1060 4146 1138 4209 ,filins
1157 4146 1293 4197 ionannoa
1311 4144 1345 4195 de
1366 4146 1494 4197 Toroeitis

270 4214 304 4263 do
319 4217 406 4264 stratio
420 4216 574 4265 liberationi.
588 4219 687 4266 ‹rr-tinne
702 4217 801 4267 stodiis
815 4220 942 4266 insisteres
957 4217 994 4266 od
1008 4219 1144 4267 oioiiatcrn
1164 4216 1495 4279 Constantinopolitanae»

267 4298 318 4347 pro
332 4286 479 4335 carrinatem
498 4290 597 4337 artium
615 4289 789 4351 oaqriisiiione
808 4290 833 4337 ot
855 4290 1000 4339 literarum
1017 4301 1157 4351 precariam
1177 4288 1324 4351 disciplina
1343 4288 1441 4338 lrabeat
1456 4288 1496 4338 ad

266 4369 378 4418 presens
394 4370 496 4406 riecossa
510 4371 538 4407 se
552 4359 713 4420 transferre,
730 4362 779 4407 ,tos
795 4360 910 4409 rotantes
923 4358 1039 4408 erirrdona
1052 4360 1201 4409 todennam
1216 4372 1277 4409 anan
1293 4358 1350 4419 ojnr
1365 4359 1495 4409 comitiva

270 4440 329 4475 cntra
344 4427 495 4477 nominitant
515 4431 679 4491 carminibus
698 4432 723 4480 ci
747 4430 914 4493 pedestribus
936 4443 1017 4492 iisqne
1038 4430 1075 4480 ad
1092 4443 1236 4481 arteriarum
1258 4432 1373 4493 prrainor
1394 4428 1495 4480 salmis

271 4498 375 4546 antistis
392 4498 505 4549 restititis
519 4501 598 4549 tibris
613 4514 680 4551 arira
694 4505 802 4563 arperiio
815 4502 893 4551 telins
908 4503 932 4550 oi
946 4502 1021 4550 ironis
1031 4502 1237 4563 pniirnsrnrnpnc
1251 4504 1280 4549 in
1295 4500 1383 4551 arando
1394 4502 1496 4551 stanno

270 4570 295 4616 ci
309 4568 444 4619 redeundo
459 4573 543 4633 piano
563 4573 656 4635 nitique
674 4575 817 4621 rernriia¹e
831 4574 855 4622 ri
864 4573 1017 4634 sarorain'ii
1035 4574 1151 4623 tractata
1167 4572 1316 4637 panderes..
1338 4570 1419 4635 (isch.
1439 4570 1492 4623 vat.

271 4636 327 4700 lica.
344 4638 443 4704 Engonii
458 4641 483 4690 ii
500 4644 529 4692 rie
543 4644 610 4695 caria
624 4658 680 4694 ann
699 4644 743 4696 -i·.'›
761 4644 801 4694 tin.
822 4644 851 4694 it
868 4645 916 4695 vol.
935 4646 994 4695 373.
1014 4645 1055 4695 iol.
1078 4640 1147 4703 irai

307 4709 331 4760 t.
350 4710 448 4762 iiddom.

307 4782 331 4831 5.
351 4784 535 4845 apostatans.
553 4799 576 4847 p.
596 4786 636 4834 33.
