3180 5580
184 467 202 526 b
638 479 793 524 araneam
817 480 943 524 iuraui.

224 596 393 677 Sequuntur
413 597 553 677 disposita
575 615 625 657 sex
647 595 808 672 latereuliS,
833 596 1109 657 t⁰utterae1ninoe
1134 598 1249 657 inverso
1272 596 1403 657 hebraeo-

183 712 249 754 rum
276 694 378 754 ordine
403 695 442 755 ita
472 694 634 774 disposita,
665 701 696 752 ut
726 692 761 754 ab
789 693 813 754 N
842 693 940 754 littera
965 695 1058 754 series
1082 695 1215 773 incipiat,
1240 692 1271 753 2⁰
1296 693 1402 755 littero

183 789 338 867 hebraicae,
355 792 387 850 3⁰
403 789 589 870 alphabetum
604 808 732 868 graecum
758 791 866 870 majus,
883 788 919 851 ab
935 790 959 850 Α
975 792 1131 870 incipiens,
1147 791 1308 851 l⁰nomina
1324 790 1402 851 litte·

183 906 280 949 rarum
296 906 468 966 graecarum,
486 890 517 950 5⁰
537 886 724 969 alphabetum
748 906 874 966 graecum
898 889 1008 960 minus,
1033 889 1063 948 6ο
1084 889 1201 948 numeri
1224 890 1273 967 qui
1296 888 1402 948 litteris

183 987 285 1062 graecis
304 983 496 1066 respondent,
522 987 562 1045 ita
585 992 616 1044 ut
637 992 832 1064 postorum
852 987 902 1056 tir,
926 987 1039 1062 sagittae
1053 984 1179 1062 effigiem
1195 983 1340 1064 praebens
1357 1004 1403 1045 se·

153 1078 157 1085 ’
182 1090 299 1163 quatur,
315 1082 445 1144 secunda
459 1101 547 1144 manu
564 1082 672 1143 addita.

222 1177 309 1257 Signa
330 1178 436 1258 quibus
456 1178 648 1241 Hebraeorum
673 1179 780 1240 litterae
801 1181 962 1259 pinguntur
987 1179 1063 1240 unde
1087 1181 1230 1257 originem
1252 1179 1400 1255 duxerint,

181 1276 257 1338 haud
273 1275 359 1337 lacilc
374 1275 454 1336 dictu
470 1286 527 1352 est,
543 1294 611 1336 nam
626 1295 685 1336 non
701 1277 806 1337 leviter
826 1276 988 1337 deformata
1009 1277 1155 1337 ridentur.
1179 1277 1247 1353 Sed,
1270 1281 1402 1357 quamvis

182 1374 404 1453 corruptissima
424 1391 526 1434 eorum
549 1375 663 1454 species
684 1375 733 1447 sit,
756 1391 815 1434 non
835 1374 943 1434 desunt
964 1373 1152 1449 documenta,
1169 1373 1275 1453 quibus
1293 1377 1402 1435 certior

182 1470 245 1546 has,
262 1468 404 1529 nonnulla
423 1469 571 1548 quadratae
592 1478 701 1530 nostrae
720 1472 873 1551 scriptura
892 1471 1059 1548 antiquiora
1079 1487 1155 1530 esse.
1181 1468 1278 1546 Longe
1295 1470 1402 1531 melius

182 1585 213 1627 se
228 1564 316 1627 habet
332 1564 517 1647 alphabetum
528 1568 751 1642 samaritanum,
764 1566 854 1647 quod,
866 1585 933 1627 eum
945 1565 1045 1626 multis
1056 1566 1172 1627 saeculis
1183 1584 1286 1626 omnes
1302 1568 1403 1630 Sama-

183 1651 305 1725 ritarum
322 1663 440 1724 codices
456 1665 672 1744 manuscriptos
688 1662 853 1738 antecedat,
876 1682 934 1723 nou
956 1664 1035 1742 parri
1057 1662 1143 1724 uobis
1160 1664 1246 1744 pretii
1264 1673 1402 1744 reputan-

181 1762 251 1822 dum
274 1768 328 1821 est.
356 1757 412 1822 Sed
433 1768 588 1838 antequam
611 1760 647 1819 de
671 1779 705 1820 eo
731 1759 922 1835 disseramus,
944 1757 1031 1820 uobis
1052 1759 1088 1820 de
1112 1762 1227 1821 caeteris
1249 1760 1400 1822 codicibus

182 1856 315 1938 ejusdem
331 1855 476 1936 alphabeti
492 1855 622 1917 breviter
636 1857 795 1917 dicendum
811 1865 866 1918 est.

222 1958 318 2015 Exstat
333 1956 363 2013 in
384 1952 562 2014 bibliotheca
581 1952 798 2029 hbriucatensi,
815 1952 869 2014 sub
889 1972 1013 2014 rrumero
1029 1955 1098 2030 lot,
1116 1954 1207 2015 codex
1222 1955 1323 2016 sacculi
1344 1973 1399 2031 uu,

161 2053 218 2114 de
234 2070 292 2131 quo
311 2058 413 2132 postea
437 2051 564 2131 amplius
585 2050 670 2112 nobis
693 2049 740 2111 re's
760 2053 827 2127 erit,
852 2049 915 2124 ubi,
937 2053 1016 2112 inter
1037 2059 1155 2127 caetera,
1178 2070 1211 2112 ea
1231 2071 1296 2132 quae
1318 2060 1402 2133 puta-

182 2149 288 2211 bantur
303 2149 394 2210 luisse
409 2147 613 2224 Hebraeorum,
635 2146 815 2221 Graecorum,
838 2148 1051 2225 Chaldaeorum,
1075 2149 1274 2230 AEgpptiorum
1291 2161 1320 2211 et
1336 2150 1402 2212 Sar-

183 2265 357 2308 racenorum
373 2245 525 2327 alphabeta
541 2246 689 2324 leguntur.
706 2246 901 2327 hlpbabetom
916 2247 1035 2326 quidem
1057 2245 1228 2308 hebraicum
1245 2248 1299 2307 hoc
1315 2247 1401 2308 titulo

183 2353 387 2426 praenotatur:

217 2497 381 2550 hebreorum
398 2497 493 2549 litterae
512 2496 587 2563 llilll,
607 2500 684 2562 juxta
703 2510 843 2549 numerum
859 2500 959 2550 veteris
978 2498 1055 2561 legis,
1071 2497 1099 2550 id
1120 2504 1161 2549 est
1176 2499 1257 2564 lloysi
1272 2468 1401 2565 quinque,

184 2584 374 2653 prophetarum
388 2585 468 2650 tillo,
485 2585 687 2650 agyogratornm
704 2598 821 2638 uorem:

227 2917 365 2979 Servatur
380 2918 468 2977 etiam
484 2918 514 2976 in
530 2914 711 2977 Bibliotheca
727 2922 827 2975 nostra
841 2914 998 2990 Nationali,
1020 2916 1074 2977 sub
1090 2926 1122 2976 n⁰
1137 2915 1187 2977 lat.
1211 2915 1280 2990 152,
1298 2915 1406 2976 libera

187 3015 306 3076 baluzio
329 3020 526 3094 comparatus,
551 3033 566 3073 e
589 3013 712 3073 dirersis
735 3011 885 3072 codicibus
905 3013 1153 3089 conglomeratus,
1174 3013 1224 3073 ubi
1245 3014 1296 3074 lol.
1314 3013 1407 3074 ao-ao

188 3111 350 3189 fragmenta
366 3110 645 3170 commentariorum
664 3107 694 3169 S.
711 3107 881 3187 Hieronymi
904 3111 934 3169 in
948 3108 1134 3170 Ezechielem
1150 3111 1298 3189 leguntur,
1315 3111 1410 3172 Turo-

188 3209 246 3283 nis,
263 3213 294 3267 ut
309 3206 435 3279 ridetur,
452 3205 559 3266 saeculo
576 3223 606 3265 rx
626 3205 781 3283 descripta.
802 3203 863 3265 Fol.
881 3206 920 3266 30
942 3208 1086 3286 scriptura
1109 3209 1310 3269 semiuncialis
1327 3215 1410 3268 turo-

189 3307 267 3380 nica,
285 3303 491 3384 palaeographis
507 3301 582 3363 bene
597 3311 677 3378 uota,
694 3308 825 3380 apparet,
843 3309 872 3362 et
887 3304 917 3362 in
939 3303 1018 3363 calce
1034 3305 1167 3382 ejusdem
1184 3308 1296 3384 paginae
1312 3306 1411 3385 alpha-

191 3400 292 3462 betum
322 3398 504 3475 hebraicum,
529 3400 574 3459 rel
604 3399 701 3479 potius
730 3399 944 3473 samariticum,
970 3419 1059 3460 manu
1084 3405 1225 3463 eoaetanei
1256 3405 1410 3483 scriptoris

191 3499 322 3560 additum
335 3498 450 3577 legitur.

231 3595 289 3659 Sed
312 3604 470 3674 utrumque
490 3591 687 3672 alphabetum,
712 3593 923 3657 Abrincatense
946 3597 1060 3658 scilieet
1084 3605 1113 3658 et
1129 3599 1329 3673 Baluzianum,
1348 3607 1408 3659 tam
1441 3672 1446 3682 .

193 3701 304 3755 arctam
320 3692 417 3774 prodit
433 3710 500 3753 eum
523 3690 675 3771 alphabeto
692 3692 937 3770 sangermanensi
954 3698 1358 3770 samariticanecessitatem,
1376 3705 1410 3757 ut

192 3792 323 3871 singulos
338 3795 417 3852 inter
431 3810 462 3851 se
479 3792 658 3870 propinquos
673 3790 763 3851 dicas.
781 3789 991 3852 Abrincatense
1007 3792 1125 3871 quidem
1142 3794 1291 3875 paulisper
1305 3813 1321 3854 a
1337 3793 1410 3857 San-

192 3891 378 3969 germanensi
402 3889 524 3963 recedit,
549 3887 599 3948 sed
624 3888 824 3962 Baluaianom,
851 3891 912 3950 sive
936 3889 1118 3968 Turonense,
1143 3894 1187 3952 vir
1204 3911 1262 3952 uno
1287 3895 1371 3972 apice
1393 3912 1410 3953 a

193 3987 438 4066 Sangermanensi
454 3985 563 4059 diliert,
581 3987 620 4044 ita
635 3994 667 4045 ut
681 4004 763 4065 pune
779 4005 846 4046 eum
863 4005 898 4046 ex
913 3988 1068 4068 zai-chetppo
1084 3989 1185 4050 codice
1201 3989 1268 4049 anni
1285 3989 1343 4049 822
1359 3990 1411 4050 dc·

193 4086 334 4166 seriptum
351 4084 482 4144 dicturus
497 4085 548 4144 sis.
570 4083 668 4163 lpsum
689 4089 787 4143 autem
807 4083 994 4164 alphabetum
1016 4088 1223 4147 samaritanum
1246 4094 1326 4148 certo
1344 4106 1412 4148 cer·

193 4185 252 4244 tius
271 4182 306 4243 ad
331 4181 447 4242 codices
471 4183 614 4259 genuinos
638 4179 887 4243 Samaritanorum
912 4182 1127 4243 conformatum
1154 4203 1218 4246 esse
1242 4192 1322 4244 reete
1343 4204 1414 4246 sen·

193 4282 285 4353 seris,
318 4297 384 4338 oum
416 4281 498 4359 quasi
533 4277 663 4339 medium
695 4279 772 4338 inter
799 4286 929 4339 veterem
956 4279 1148 4342 llebraeorum
1176 4283 1352 4362 scripturam
1382 4290 1414 4342 et

193 4378 386 4448 samariticos‚
407 4394 481 4456 quos
499 4375 651 4453 habemuS,
673 4377 790 4437 codices
811 4384 908 4439 teneat
929 4377 1037 4439 locum.
1061 4379 1117 4441 Sed
1138 4379 1174 4439 de
1195 4379 1240 4441 his
1260 4380 1414 4460 disputent

193 4474 371 4536 doctiores'.

231 4730 252 4780 1.
270 4728 401 4794 hlphabeta
416 4729 530 4782 hebraica
546 4732 638 4783 ridebis
652 4733 725 4783 etiam
740 4732 766 4783 in
786 4730 901 4785 Psalterio
921 4732 1017 4796 Georgii
1033 4732 1062 4784 de
1082 4730 1219 4800 sclavonia,
1235 4733 1295 4786 Bibl.
1315 4731 1408 4787 Turou.

194 4802 226 4853 95
240 4796 273 4867 (a.
291 4813 331 4853 rur
345 4797 409 4866 er).
425 4802 467 4855 iol.
487 4805 529 4868 75,
545 4805 568 4854 et
583 4803 609 4853 in
623 4804 675 4855 cod.
693 4802 751 4854 bibl.
768 4809 819 4855 nat.
838 4805 906 4855 hebr.
929 4807 975 4854 113
994 4800 1061 4870 (sae.
1080 4803 1145 4856 eirca
1165 4805 1225 4873 nrt,
1243 4805 1285 4858 tol.
1306 4807 1353 4858 tar
1371 4810 1408 4859 ΥΟ.
