3180 5580
392 485 429 527 nu
453 483 608 527 srernnno
632 482 746 527 anoton
770 484 984 527 ersrcnctenst.
1261 466 1295 525 ll

82 598 149 671 erit,
167 597 300 657 codicem
316 597 492 677 pleniorem,
510 616 542 657 ex
559 617 616 678 quo
633 597 840 675 Cisterciensc,
858 618 936 659 nunc
960 598 1137 659 Divionense
1153 598 1302 678 exemplar

81 695 260 773 exscriptum
285 702 340 770 est,
357 695 504 772 vulgatum
521 696 570 755 illo
592 705 725 775 ternpore
742 704 852 756 textum
876 697 1022 756 retulisse.
1045 695 1136 756 Porro
1158 694 1301 755 librorum

81 791 157 849 sacri
187 790 296 850 codicis
326 793 418 851 series
449 810 528 866 eum,
556 793 762 852 minutissimis
792 791 965 871 quibusdam
992 794 1131 872 exceptis,
1157 789 1302 852 elliciehal

82 887 229 963 ordinem,
246 889 295 966 qui
314 887 439 948 textibus
454 888 634 966 visigothicis
650 896 681 948 ct
695 888 752 948 illis
768 887 918 948 codicibus
934 891 982 968 qui
999 891 1029 949 in
1052 887 1143 950 Gallia
1163 888 1303 949 meridio-

82 984 140 1044 nali
165 984 305 1064 doscripti
328 993 406 1061 sunt,
432 985 556 1062 vulgaris
572 985 637 1044 luit.
654 983 837 1064 Exemplaria
856 1004 925 1045 voro
949 988 1126 1046 correctiora
1142 1005 1176 1046 ox
1196 984 1301 1064 quibus

82 1081 229 1160 vulgatum
241 1090 350 1142 textum
361 1085 487 1142 conexit
506 1082 563 1142 illis
579 1100 638 1142 non
653 1081 798 1142 absimilia
813 1083 903 1143 luisse
919 1070 1064 1160 videntur,
1079 1102 1143 1164 quan
1158 1085 1187 1143 in
1202 1083 1301 1143 scltoln

82 1179 246 1240 Turonensi
263 1198 340 1239 nono
356 1180 462 1240 soeculo
480 1181 623 1259 exscripta
643 1186 722 1240 sunt.
739 1178 840 1258 Neque
856 1181 918 1260 ipse
940 1189 1049 1240 textum
1066 1180 1219 1240 meliorcrn
1236 1198 1302 1260 pcr-

83 1285 172 1357 petuo
195 1278 359 1357 exscripsit,
384 1296 439 1338 nec
461 1279 491 1337 in
513 1277 697 1337 emendando
720 1295 803 1337 sacro
827 1284 906 1336 textu
926 1279 1051 1337 nimium
1074 1277 1242 1355 diligentem
1268 1296 1300 1337 sc

83 1373 225 1447 exhihuit,
242 1382 275 1433 ut
289 1374 343 1434 lroc
359 1375 477 1452 quidem
497 1374 647 1433 latendum
667 1373 716 1451 sit,
738 1372 918 1453 Stephanum
939 1376 1088 1454 proposito
1113 1393 1177 1449 suo,
1199 1381 1300 1453 utpote

82 1473 240 1531 immaturo
255 1472 373 1548 saecuto,
392 1473 534 1551 imparem
550 1473 706 1532 exstitisse.
725 1471 808 1545 Quod
824 1489 859 1531 eo
875 1473 966 1550 magis
981 1472 1140 1534 dolendum
1153 1481 1209 1546 est,
1223 1471 1298 1550 quod

84 1576 179 1628 textus
203 1569 402 1649 stephanicus‚
419 1578 451 1628 ut
472 1588 523 1649 par
540 1577 613 1643 erat,
631 1587 689 1629 non
708 1569 865 1630 mediocris
883 1568 973 1630 luisse
991 1571 1173 1629 auctoritatis
1188 1569 1302 1629 videtur

84 1667 115 1725 in
128 1664 321 1726 conventibus
337 1664 592 1727 Cistercicnsihus
604 1666 659 1730 Sed
677 1667 712 1726 de
728 1666 774 1727 nis
789 1665 874 1727 nobis
889 1686 967 1728 nunc
982 1685 1041 1727 non
1056 1669 1158 1745 agitur.
1183 1696 1186 1704 Α
