3180 5580
664 920 880 988 ChPlTULL'll
906 921 929 985 ll

187 1154 232 1200 DE·
252 1152 614 1200 tnruuenerhrtomeus
640 1151 788 1198 NOMINUM
814 1151 924 1198 SACRE
951 1149 1139 1197 SClllP‘l'Ulle
1165 1149 1409 1199 euulslttttstotts

227 1390 378 1451 Peculiare
394 1388 538 1468 quoddam
557 1390 831 1467 interpretationum
849 1406 940 1463 genus
957 1386 1095 1446 exhibent
1110 1387 1207 1445 iudea
1230 1386 1337 1446 saeeulo
1353 1405 1410 1447 ιιιιι

188 1484 250 1545 fere
273 1504 377 1545 omnes
398 1485 493 1547 saera
509 1485 667 1564 Scripturas
683 1483 808 1543 codices.
827 1484 897 1555 Quat
912 1502 978 1542 eum
995 1486 1039 1542 vix
1054 1481 1122 1542 alibi
1145 1501 1231 1562 quam
1249 1484 1279 1542 in
1295 1501 1328 1543 ea
1344 1501 1410 1562 quae

188 1580 335 1640 liudovico
354 1579 391 1641 lv
415 1600 482 1657 rege
506 1580 636 1655 evulgata
659 1589 704 1639 est
727 1579 856 1639 editione
881 1580 1038 1639 Sacrorum
1063 1579 1226 1639 Bibliorum
1252 1581 1411 1658 parisiensi

188 1679 391 1752 inveniantur,
424 1676 592 1756 reputandae
613 1684 699 1735 erunt
717 1676 849 1753 ejusdem
872 1694 936 1734 esse
958 1676 1078 1752 originis
1108 1682 1136 1733 et
1160 1674 1410 1734 abuniversitate

189 1775 343 1853 parisiensi
365 1775 542 1853 principium
562 1782 707 1852 repetere.
726 1772 769 1833 hb
785 1772 830 1832 his
845 1790 914 1831 vero
929 1770 1026 1831 verbis
1042 1773 1205 1852 incipiunt¹
1225 1791 1232 1830 ε

585 1960 716 2010 lucremur
734 1974 1003 2015 rsrmrenerurrouss

223 2084 270 2136 lez
286 2083 491 2148 apprehendens
508 2082 552 2133 uel
567 2082 752 2147 apprehensio.

221 2173 273 2224 had
290 2173 436 2224 testilleans
453 2172 497 2223 uel
514 2172 702 2222 testimonium.

222 2260 324 2310 ladhar
338 2260 500 2324 deprecatio.

221 2347 309 2398 halma
325 2349 401 2410 uirgo
416 2347 571 2398 abscondita
588 2346 631 2397 uel
647 2346 789 2397 absconsio
805 2347 976 2409 uirginitatis.

221 2435 286 2485 lara
300 2440 425 2486 montana
441 2434 484 2485 uel
500 2448 576 2485 mons
591 2434 762 2486 fortitudinis.

223 2524 307 2573 laren
323 2536 399 2574 mons
416 2523 491 2575 tortis
508 2522 551 2573 uel
567 2536 642 2574 mons
659 2522 821 2573 tortitudinis
838 2523 896 2572 siue
912 2528 1062 2574 montanos.

221 2611 326 2663 hrouite
342 2615 447 2663 montes
462 2611 564 2662 robusti
581 2613 710 2662 montium
726 2610 889 2662 tortitudinis
906 2612 964 2662 siue
980 2613 1096 2662 montani
1113 2616 1160 2663 aut
1182 2615 1285 2664 montes
1302 2626 1406 2666 eorum.

223 2784 337 2845 Nostrae
361 2793 458 2846 autem
484 2787 743 2865 interpretationes
769 2785 840 2844 nihil
870 2784 948 2844 aliud
973 2790 1041 2843 sunt
1065 2802 1152 2861 quam
1179 2783 1208 2846 S.
1235 2783 1410 2865 Hieronymi

184 2882 377 2959 etymologiae,
395 2900 459 2960 quae
476 2885 556 2961 prius
574 2884 650 2941 iuter
665 2881 796 2958 singulos
812 2880 907 2942 Saeuo
924 2881 1082 2961 Scriptura}
1102 2880 1195 2940 libros
1211 2883 1293 2959 quasi
1315 2881 1412 2944 disse-

184 2977 335 3054 cabantur,
353 2978 515 3038 secundum
531 2975 718 3057 alphabetum
736 2980 765 3037 in
782 2997 872 3037 unum
889 2996 996 3057 eorpus
1018 2977 1155 3053 redactae,
1173 2976 1280 3037 additis
1302 2978 1411 3055 glossis

183 3073 333 3133 nonnullis
349 3093 383 3132 ex
399 3072 481 3133 libris
496 3076 530 3132 de
547 3076 629 3133 Locis
649 3075 761 3133 aurietis
776 3081 803 3131 el
820 3075 853 3132 rte
872 3074 1082 3145 Qaramlioaibue
1097 3074 1243 3132 hcluuieie
1263 3077 1296 3133 in
1318 3075 1412 3136 Gene-

182 3172 249 3241 et'm,
267 3187 395 3229 necnon
419 3188 434 3229 e
460 3170 672 3242 Questienitue
697 3172 728 3228 in
753 3170 843 3227 libros
864 3170 971 3243 Regum
998 3168 1352 3250 pseudohierom'mianis,
1380 3183 1412 3234 et

182 3266 247 3326 aliis
258 3267 346 3325 etiam
362 3265 398 3324 de
414 3265 520 3344 quihus
536 3265 746 3325 inlradicetur.
764 3264 846 3335 Quod
857 3272 954 3323 tauien
970 3267 1008 3324 ita
1027 3266 1216 3326 tumultuarie
1228 3268 1338 3328 laetum
1351 3280 1409 3347 est,

184 3371 215 3421 ut
229 3364 254 3421 si
269 3380 334 3440 quae
350 3360 575 3441 improbationis
589 3371 667 3421 notre
682 3381 698 3421 a
718 3371 819 3422 saneto
843 3369 923 3442 patre
950 3362 1055 3422 additae
1079 3373 1188 3439 esseut,
1207 3383 1248 3424 eae
1265 3376 1411 3445 perpetuo

183 3458 402 3534 omitterentur,
428 3478 483 3519 nee
509 3461 597 3518 etiam
622 3460 675 3519 hoe
698 3478 713 3519 a
738 3462 882 3539 scriptore
908 3469 1009 3520 nostro
1034 3468 1184 3536 ageretur,
1216 3470 1264 3534 ut,
1294 3464 1319 3521 si
1345 3480 1411 3541 quse

183 3556 286 3633 glessae
303 3559 482 3617 iterarentur
503 3558 546 3617 vel
568 3559 592 3617 si
613 3557 728 3635 quaudo
751 3577 807 3617 una
832 3557 867 3618 ab
893 3559 984 3618 altera
1009 3559 1201 3639 discreparet,
1228 3559 1335 3620 menda
1361 3560 1411 3621 illa

187 3653 313 3713 tolleret.

222 3750 316 3809 lmmo
331 3770 368 3811 ne
385 3751 440 3811 hoe
456 3751 573 3830 quidem
591 3754 712 3824 miravit,
731 3760 761 3810 ut
778 3752 849 3811 onlo
870 3751 1070 3831 alphabeticus
1093 3755 1207 3829 integer
1225 3761 1409 3831 seruaretur,

183 3846 259 3906 uude
275 3847 307 3906 ht
323 3856 353 3906 ut
368 3866 445 3928 saepe
462 3847 572 3908 dilhcili
589 3849 774 3925 indagatione
791 3848 911 3908 verbum
936 3849 1012 3928 quod
1030 3852 1136 3927 quaeris
1160 3851 1301 3911 invenias.
1319 3851 1412 3912 Vide-

183 3951 231 4002 tur
246 3952 348 4002 noster
362 3964 395 4004 ea
409 3945 525 4005 levitate
542 3947 690 4026 exemplar
701 3948 955 4023 hieroupnianmn
968 3946 1173 4024 descripsisse,
1186 3956 1218 4006 ut
1231 3948 1300 4007 illud
1310 3968 1411 4029 neque

184 4036 260 4099 bene
276 4040 454 4117 intelligeret
469 4060 565 4120 nequo
582 4044 670 4101 etiam
697 4041 772 4101 hene
799 4043 920 4120 legeret.
948 4043 980 4102 ln
1005 4062 1063 4103 uno
1088 4051 1186 4102 tanum
1209 4043 1325 4103 videtur
1346 4044 1412 4106 leu-

185 4135 308 4212 damlus,
321 4138 398 4216 quod
409 4139 544 4199 ordinem
555 4139 782 4219 alphabeticum,
799 4142 889 4220 ipsius
900 4141 1071 4219 llieronpui
1083 4141 1262 4200 sententiam
1272 4147 1409 4216 secutus,

184 4234 348 4293 seeundum
371 4238 581 4314 proprietatem
604 4236 710 4313 linguae
733 4236 878 4296 hebraicae
901 4239 1076 4312 immutarit,
1098 4254 1165 4295 cum
1186 4235 1225 4296 ita
1245 4235 1279 4295 ab
1303 4236 1412 4298 ordine

184 4327 355 4389 Latinorum
371 4331 518 4391 studuerit
534 4332 704 4405 dellectere,
722 4340 753 4390 ut
770 4332 882 4391 litteras
897 4335 915 4409 f
926 4341 954 4391 et
967 4334 1007 4409 ph
1023 4331 1228 4405 contunderet,
1247 4350 1343 4411 neque
1358 4333 1412 4394 ad·

183 4425 352 4503 spirationis
367 4427 386 4485 lt
401 4429 546 4487 rationem
562 4428 694 4488 haberet.
710 4427 853 4488 caeterum
870 4427 1143 4488 elissertatiuneulas
1158 4428 1297 4507 quasdam
1309 4428 1346 4488 de
1362 4429 1413 4490 lit-

186 4619 397 4629 ——0—--—-

220 4749 241 4798 t.
258 4748 294 4799 lta
308 4751 384 4800 codex
400 4748 424 4802 B.
440 4750 468 4802 ll.
486 4752 529 4805 36,
545 4751 587 4802 lol.
606 4753 667 4815 330,
683 4752 712 4802 de
727 4765 776 4815 uuo
791 4752 854 4802 intra
868 4752 965 4813 agetur.
