3180 5580
545 474 664 518 rnursn
685 473 893 518 roccolenus,
1288 458 1322 517 at

99 590 140 652 Β.
157 588 192 651 N.
210 588 309 652 loeas
332 599 362 652 et
382 591 447 652 cod.
470 580 581 652 Monac.
604 592 654 651 lat.
676 592 773 653 2681st
797 592 861 669 (iol.
878 592 929 668 68)
950 593 996 650 cui
1017 592 1079 652 imo
1102 591 1324 652 inscribuntur:

100 688 159 749 lati
172 694 243 749 eunt
256 705 371 750 errores
390 689 554 750 iudeorum
579 691 612 749 in
628 690 703 749 libro
723 690 884 763 inclinent,
902 707 1027 765 quorum
1043 690 1302 765 translationem!
1318 736 1325 751 .

104 785 287 847 ructatum
314 787 452 863 subprior
475 787 540 846 ord.
563 787 645 863 prod.
672 789 705 846 io
728 788 801 846 cillo
821 787 997 859 Porisionei,
1019 788 1070 863 qui
1092 788 1240 862 procudam
1263 792 1326 845 erut

98 880 224 956 ludens,
241 882 397 943 tronuolit
410 884 445 943 do
454 884 578 959 judaico
593 885 625 942 io
636 883 774 942 latinum.
786 881 965 942 Frater-vero
976 882 1201 944 Thecbaldnsdc
1211 881 1328 943 Socors·

99 981 159 1041 nio
173 996 251 1040 anno
264 978 343 1041 tuto
358 979 597 1040 condemnationi
612 978 765 1040 Thalmutli
782 980 942 1041 interinit¹.
956 980 1010 1053 Qui
1021 980 1234 1041 verisimillime
1246 980 1325 1040 idem

101 1083 152 1138 est
166 1076 203 1137 de
218 1094 275 1155 quo
289 1074 377 1136 nobis
392 1077 498 1153 agitur.

143 1172 185 1236 Ex
199 1191 258 1253 quo
273 1174 339 1253 quis
354 1173 493 1251 conjiciat
508 1172 723 1232 correctionem
741 1172 840 1232 iratris
855 1172 1015 1233 Thcobaldi
1030 1175 1107 1234 circa
1124 1193 1233 1234 annum
1250 1174 1324 1235 tut8

99 1271 310 1331 concinnatam
327 1286 404 1345 esse,
426 1269 579 1347 llugonem
595 1287 664 1328 vero
685 1287 719 1328 eo
744 1277 878 1348 tempore
903 1287 959 1348 quo
985 1271 1171 1350 provincialis
1194 1271 1325 1331 Francia)

99 1375 178 1443 erat,
195 1367 310 1428 scilicet
324 1368 403 1427 circa
418 1384 527 1425 annum
545 1365 634 1440 tuac,
652 1367 776 1444 primam
801 1366 1017 1425 correctionem
1033 1367 1207 1443 instituisse,
1224 1385 1326 1427 exem-

98 1462 167 1545 plar
182 1463 310 1542 denique
326 1460 356 1524 S.
373 1461 475 1526 Jacobi
487 1470 621 1541 tempore
632 1461 777 1539 generalis
789 1461 907 1541 capituli
918 1463 987 1521 anni
999 1461 1077 1523 tuae
1087 1470 1235 1523 exaratum
1247 1482 1322 1524 esse.

96 1560 139 1622 Et
153 1560 217 1621 hec
232 1577 300 1620 cunr
316 1561 488 1620 testimonio
504 1560 628 1622 Baconis
646 1562 757 1640 optime
774 1552 964 1620 concordant.

142 1827 166 1877 t.
183 1825 317 1879 Sententia
333 1824 423 1878 odonis
436 1823 570 1877 Tusculani
583 1828 690 1890 episcopi
705 1841 801 1878 annexa
820 1830 879 1878 sunt
896 1829 995 1878 nomina
1013 1829 1185 1891 magistrorum
1204 1833 1228 1878 et
1247 1828 1326 1876 ococ-

103 1908 170 1946 rnm
183 1899 315 1956 virorum
331 1894 491 1962 deonorum
505 1897 615 1947 coercitio
628 1899 758 1946 sententio
773 1899 832 1947 loto
845 1901 883 1946 est
899 1894 1010 1962 (nonme,
1025 1901 1054 1949 n⁰
1071 1894 1139 1963 178).
1156 1898 1214 1956 Quae
1228 1900 1325 1949 nomina

101 1980 206 2031 semper
221 1968 376 2020 antooculos
391 1969 494 2035 habeas,
510 1968 551 2031 qui
566 1968 596 2018 cle
611 1968 701 2019 studiis
719 1968 841 2018 hebraicis
859 1970 884 2018 in
899 1969 1058 2020 universitate
1077 1969 1206 2032 parisiensi
1220 1970 1324 2019 excultis

99 2038 208 2116 epultas.
