3150 5558
637 830 754 903 PARS
780 829 949 903 TERTIA

540 1079 586 1131 DE
605 1078 738 1133 sci-ioht
759 1078 878 1132 aoefiat
901 1077 1044 1131 sacoma

738 1293 844 1305 hun—-

595 1586 813 1655 CAPITULUll
836 1587 986 1654 PRIMUM

245 1844 288 1894 oi:
310 1847 544 1897 conflammati
569 1848 680 1896 SACllAE
706 1846 892 1895 SCRIPTURAE
917 1845 1090 1895 REGNANTE
1115 1843 1279 1894 tuoovrco
1305 1847 1340 1893 lX

376 1962 572 2012 Pnatsllsm
597 1961 717 2008 ORDlNE
744 1960 1006 2009 l’llAEDlCA'l'Olthl
1030 1959 1207 2008 ittsvirurt

221 2176 293 2239 Cum
305 2181 479 2239 universitas
495 2181 663 2260 parisiensis
679 2181 799 2238 ineunte
815 2177 922 2239 saeculo
937 2195 990 2237 xm
1010 2179 1168 2237 constituta
1188 2184 1278 2252 esset,
1302 2196 1409 2257 expos-

182 2273 292 2334 tulabat
307 2277 367 2354 ipsa
384 2276 548 2336 studiorum
565 2278 638 2335 ratio
653 2284 687 2336 ut
700 2274 865 2352 legentibus
881 2283 909 2334 et
933 2273 1120 2334 audientibus
1135 2276 1216 2352 quasi
1237 2275 1407 2334 scholastici

181 2369 248 2430 libri
264 2370 478 2450 praeberentur,
495 2373 529 2433 ad
547 2391 620 2450 quos
636 2371 714 2432 velut
726 2372 759 2432 ad
776 2372 980 2432 auctoritatem
997 2373 1147 2450 provocari
1167 2379 1278 2451 posset.
1296 2370 1355 2432 Sed
1372 2390 1407 2430 ea

181 2474 243 2525 erat
267 2466 324 2527 illis
354 2466 535 2547 temporibus
555 2468 698 2529 libromm
729 2486 879 2528 sacrorum
904 2468 1057 2528 diversitas
1081 2475 1123 2544 ut,
1154 2467 1407 2547 quemadmodum

180 2569 265 2622 aetate
281 2563 465 2644 Hieronymi,
484 2555 567 2644 paene
583 2571 625 2624 tot
642 2564 818 2645 exemplaria
833 2571 903 2644 quot
919 2565 1035 2625 codices
1050 2565 1151 2624 adesse
1162 2565 1288 2624 diceres.
1302 2564 1406 2644 Neque

179 2657 215 2717 de
231 2660 294 2738 ipso
311 2666 391 2720 textu
407 2679 490 2720 sacro
506 2663 576 2721 satis
592 2659 753 2735 constabat,
765 2680 861 2740 neque
873 2660 908 2720 de
925 2660 1026 2720 ordine
1043 2660 1185 2720 librorum
1196 2661 1301 2719 divinae
1316 2660 1403 2737 lepte,

178 2772 274 2834 neque
298 2757 334 2816 de
364 2758 399 2817 iis
424 2758 454 2817 in
478 2776 543 2837 quae
567 2760 622 2838 ipsi
647 2756 714 2817 libri
738 2757 942 2818 dividebantur
971 2757 1115 2836 capitulis.
1142 2757 1213 2819 Cum
1239 2760 1340 2817 omnia
1366 2761 1406 2818 ita

179 2854 268 2913 mixta
284 2862 393 2931 essent,
411 2854 467 2915 boe
482 2857 664 2916 universitati
680 2874 757 2916 curae
773 2874 838 2915 esse
853 2853 990 2930 debebat,
1007 2863 1040 2914 ut
1055 2853 1203 2935 exemplar
1214 2874 1306 2914 unum
1318 2857 1406 2914 insti-

180 2956 323 3027 tueretur,
340 2971 397 3031 quo
419 2953 507 3013 veluti
529 2953 706 3014 documento
727 2952 868 3012 docentes
888 2951 976 3011 simul
997 2960 1026 3010 et
1047 2951 1200 3012 studentes
1221 2953 1402 3012 niterentur.

177 3044 235 3108 Sed
250 3048 305 3108 boc
319 3067 415 3128 neque
438 3052 612 3110 universitas
634 3051 695 3129 ipsa
711 3047 826 3130 publice
844 3047 987 3108 excudere
1009 3055 1136 3126 poterat,
1159 3066 1255 3126 neque
1271 3067 1404 3127 unquam

177 3141 296 3204 decreto
312 3154 445 3205 sanctum
462 3154 507 3205 est
522 3153 555 3204 ut
569 3163 642 3204 nova
658 3146 746 3204 editio
762 3142 797 3204 ab
813 3141 951 3203 omnibus
971 3151 1172 3224 usurparetur.

216 3239 369 3317 hRogero
385 3242 512 3317 Bacone,
530 3260 606 3301 anno
623 3241 698 3300 laet
715 3239 875 3314 scribente,
893 3239 1027 3300 audimus
1043 3259 1059 3300 a
1073 3240 1179 3319 quibus
1195 3242 1285 3301 editio
1301 3261 1404 3302 sacro-

177 3353 242 3396 rum
257 3335 419 3398 Bibliorum
435 3340 604 3418 parisiensis
620 3340 795 3398 concinnata
806 3339 860 3398 sit:

182 3568 184 3572 Α
210 3508 272 3560 llam
282 3510 353 3561 circa
363 3509 537 3575 quadraginta
549 3522 633 3561 anuos
647 3509 724 3562 multi
738 3510 854 3576 theologi
869 3511 966 3562 infiniti
976 3513 1002 3562 et
1013 3511 1159 3561 stationarii
1174 3509 1288 3560 Parisios
1304 3523 1401 3575 parurn

173 3597 295 3649 videntes
315 3598 367 3649 boc
386 3601 584 3662 proposuerunt
604 3599 748 3666 exemplar.
767 3599 890 3659 Quicum
909 3599 1037 3652 illitterati
1058 3597 1156 3649 luerint
1170 3602 1196 3649 et
1213 3600 1327 3661 uxorati,
1344 3612 1401 3650 nou

175 3690 299 3737 curantes
313 3698 365 3737 nec
377 3687 495 3737 seientes
510 3689 627 3751 cogitare
641 3689 674 3740 de
689 3689 800 3739 veritate
814 3689 904 3737 textus
921 3689 1000 3755 sacri,
1016 3689 1214 3752 proposuerunt
1232 3687 1398 3751 exemplaria

174 3771 277 3836 vitiosa,
295 3776 321 3824 et
336 3774 478 3838 scriptores
493 3774 590 3826 intiniti
606 3775 762 3826 addiderunt
778 3774 809 3824 ad
825 3770 1023 3840 corruptionem
1036 3773 1134 3824 multas
1150 3775 1310 3824 mutationes
1324 3776 1344 3826 ¹.

214 3927 312 3989 lnnuit
327 3947 396 4006 ergo
411 3929 542 4006 Rogerus
558 3929 718 3989 editionem
730 3930 922 4009 parisiensem
934 3931 1010 3989 circa
1021 3931 1104 3990 initia
1114 3931 1196 4007 regni
1208 3930 1346 3990 Lutloviei
1359 3931 1398 3991 lll

174 4023 337 4084 institutam
357 4043 432 4100 esse,
455 4043 551 4103 neque
571 4024 772 4085 infitiabimur.
794 4025 867 4086 Nam
888 4025 1125 4104 antiquissimum
1146 4045 1248 4086 eorum
1270 4044 1398 4105 quorum

173 4121 306 4179 notitiam
323 4119 463 4182 habemus
480 4120 724 4200 exemplariorum
740 4120 845 4200 quibus
855 4121 989 4181 hodierni
1006 4123 1200 4202 capitulorum
1217 4125 1336 4182 numeri
1353 4125 1399 4183 in-

173 4215 343 4278 scribuntur
357 4227 457 4278 notam
473 4218 531 4294 lert
546 4219 615 4278 anni
632 4217 704 4278 tart
719 4223 739 4294 ²,
753 4226 783 4277 et
798 4218 888 4299 probe
904 4221 1038 4279 novimus
1055 4217 1234 4298 Stephanum
1252 4219 1396 4296 Langton,

172 4315 379 4376 cancellarium
400 4317 591 4394 parisiensem
608 4323 638 4375 et
653 4316 790 4376 eumdem
813 4324 914 4396 postea
933 4318 1186 4397 archiepiscopum
1208 4319 1398 4376 cantuarien-

171 4475 385 4492 -—-

210 4578 233 4628 1.
250 4581 438 4642 corripendum
453 4583 552 4646 studit,
568 4585 607 4635 ed.
627 4583 648 4632 l.
672 4583 695 4634 S.
713 4581 812 4649 Brever,
828 4599 850 4646 p.
870 4588 931 4635 333.
952 4582 1040 4636 Eodem
1059 4586 1176 4646 leguntur
1195 4587 1219 4634 in
1241 4585 1344 4646 epistola
1364 4588 1394 4636 ad

172 4648 319 4701 Gtenreutem
331 4663 416 4713 papam
431 4653 469 4719 lt,
486 4669 525 4717 ap.
544 4655 572 4704 H.
591 4655 668 4717 Hody,
689 4668 713 4716 p.
731 4656 792 4706 tei.

208 4723 233 4773 2.
251 4719 329 4771 Codex
344 4720 403 4772 bibl.
420 4723 506 4775 hierar.
525 4727 557 4774 aa
576 4719 653 4779 laune
669 4721 706 4790 a),
723 4724 859 4776 tantun-ie
875 4726 991 4788 scriptus.
