3180 5580
656 876 875 944 CllPllULUll
898 875 934 943 iv

323 1089 464 1137 cusnani
488 1090 528 1136 DE
553 1089 640 1137 llOYO
665 1088 919 1138 COllllEG'l'OlllUll
943 1087 1055 1136 SACllAE
1080 1088 1288 1137 SCRlP'l'UllAE‘

596 1204 637 1250 ET
662 1203 757 1252 LIBER
782 1202 982 1252 ruiuuossos

225 1414 267 1476 De
284 1413 412 1477 Gerardo
428 1415 464 1475 (le
480 1414 560 1493 Heyo
576 1432 667 1495 pauca
682 1414 767 1474 nobis
782 1414 905 1474 dicenda
920 1419 999 1489 sunt,
1013 1432 1102 1492 quum
1118 1410 1204 1474 nobis
1215 1431 1276 1474 non
1287 1411 1409 1476 libuerit

186 1513 303 1571 codices
319 1510 494 1574 Cerrectorii
511 1511 589 1571 illius
605 1513 724 1591 propius
736 1513 894 1591 inspicere,
907 1510 984 1590 quoii
1001 1512 1121 1570 nemine
1137 1510 1201 1588 ejus
1216 1509 1407 1592 inscribitur3

186 1629 219 1669 ea
239 1619 336 1670 tamen
348 1610 471 1690 paucula
487 1608 572 1669 nobis
587 1609 684 1669 forsan
701 1609 871 1670 claviculam
888 1608 1066 1669 exhibebunt
1076 1626 1132 1687 qua
1148 1625 1198 1667 eas
1213 1610 1405 1687 quaestiones,

186 1708 301 1784 quasin
318 1707 445 1767 clausula
469 1705 662 1786 praecedentis
684 1706 803 1786 capituli
826 1707 990 1785 posuimus,
1008 1705 1121 1765 solvere
1139 1705 1297 1785 possimus
1315 1704 1407 1767 Crete-

187 1820 251 1862 rum
266 1804 302 1863 rie
318 1802 503 1865 Corrcctorio
520 1803 583 1882 ojus
603 1803 784 1863 sufficienter
806 1802 1011 1863 disseruerunt
1032 1803 1237 1865 Vercellonius
1252 1812 1283 1864 et
1297 1803 1334 1865 H.
1351 1806 1407 1867 lle-

186 1900 266 1960 niile.
284 1899 372 1978 Cujus
388 1900 504 1960 codices
520 1900 577 1960 cluo
593 1919 684 1979 penes
700 1919 753 1961 nos
776 1909 855 1976 sunt,
872 1900 946 1961 alter
960 1901 1053 1962 Vatie.
1075 1900 1126 1961 lat.
1144 1898 1235 1975 latu,
1251 1918 1322 1962 saec.
1338 1918 1404 1977 nur,

186 2005 215 2056 et
231 1997 305 2056 alter
320 1996 521 2076 imperfectus,
539 1996 677 2057 Laurent.
704 1997 744 2077 pl.
762 2014 821 2056 xxv
842 1999 899 2058 sin.
917 1997 982 2057 cod.
999 1997 1029 2073 l,
1048 1996 1100 2057 lol.
1118 1996 1187 2072 lui,
1203 1996 1304 2058 seculi
1329 1998 1406 2077 ejus·

186 2094 265 2155 ilem.
283 2092 362 2174 Opas
378 2113 446 2153 vero
463 2094 532 2154 illuri
548 2096 719 2174 praelatione
736 2094 890 2154 inchoatur
904 2112 969 2174 quae
983 2093 1019 2154 ab
1035 2094 1080 2155 his
1096 2092 1193 2155 verbis
1209 2093 1346 2156 orditur:

222 2270 283 2319 tium
296 2267 533 2319 ouiniailuorterem
549 2266 758 2330 quamplurimos
774 2280 803 2318 se
819 2269 930 2318 miscere
946 2264 1132 2332 questionibus
1151 2264 1265 2319 iussnitis
1284 2269 1311 2318 et
1332 2268 1404 2319 eirea

186 2354 336 2407 huiusmodi
361 2354 482 2404 crebrius
506 2355 640 2417 occupari,
665 2357 691 2404 et
710 2366 811 2417 paucos
834 2352 972 2405 intendere
996 2353 1040 2406 uel
1067 2365 1164 2404 uacare
1189 2353 1277 2405 littere
1300 2356 1404 2407 ueritati

187 2442 258 2507 icum
274 2445 361 2492 tanum
376 2441 463 2491 littera
485 2443 518 2491 sit
540 2440 740 2491 tundamentum
760 2440 907 2505 spiritualis
921 2440 1017 2492 editicii
1033 2445 1125 2508 utpote
1147 2454 1228 2507 super
1250 2454 1331 2506 quarn
1351 2444 1406 2494 tres

185 2532 229 2582 aiii
244 2530 396 2581 intellectus
410 2528 560 2593 spirituales
574 2528 671 2580 liabent
687 2527 967 2597 iuudmneutum...).,.

180 2656 185 2679 ι
224 2686 322 2767 lpsum
348 2704 416 2746 vero
442 2704 515 2765 opus
541 2693 620 2746 tanta
649 2688 866 2766 propinquitate
896 2705 963 2746 cum
987 2687 1166 2746 correctorio
1192 2684 1405 2749 Guillielmide

185 2784 262 2845 llam
272 2784 460 2862 conjungitur
471 2787 527 2841 uta
539 2780 707 2842 Guiliielmo
719 2781 879 2843 Gemulum
892 2789 1034 2862 perpetuo
1046 2781 1175 2863 pendere
1186 2782 1306 2844 dixeris.
1319 2782 1404 2844 Certe

185 2882 317 2960 ejusdem
333 2880 388 2940 luit
403 2879 524 2953 ordinis
543 2885 570 2937 et
587 2878 683 2938 eiilem
706 2879 814 2939 sclrolre
829 2879 973 2940 addictus.
990 2879 1062 2952 Quis
1081 2885 1182 2940 autem
1202 2878 1304 2955 luerit,
1322 2878 1405 2960 peni·

185 2987 231 3039 tus
242 2976 482 3056 ignorarunNam
494 2975 606 3054 lloyum
615 2974 725 3053 (Belgis
735 2974 958 3054 lluy)eppidum
969 2980 1013 3035 est
1022 2977 1051 3035 in
1064 2976 1235 3055 episcopatu
1247 2974 1404 3037 leodiensi

182 3078 283 3150 situm,
300 3074 352 3134 seii
368 3081 501 3134 nostram
517 3071 691 3132 canonicum
709 3071 1001 3132 Corsemloncensem
1017 3071 1108 3132 luisse
1124 3089 1160 3132 er
1173 3070 1323 3133 levissimo
1334 3091 1405 3133 con-

179 3172 295 3250 jectura
317 3172 482 3250 suspicatus
505 3178 550 3228 est
573 3169 696 3247 laquei,
721 3167 885 3227 litterarum
911 3167 1090 3246 belgicorum
1116 3164 1402 3248 historiographus'.

184 3268 328 3329 Caeterum
354 3269 383 3325 in
412 3265 534 3328 Samlori
563 3266 747 3325 Bibliotheca
771 3265 884 3340 belpiee
908 3271 1097 3344 perspexerat
1121 3263 1234 3342 Paquot
1258 3264 1405 3325 exstitisse

184 3365 254 3423 oiim
277 3366 306 3422 iu
328 3371 473 3422 conventu
495 3361 748 3422 Corsemloncrnsi
769 3362 900 3439 cjusilem
922 3362 1052 3421 auctoris
1073 3361 1194 3421 Librum
1218 3362 1404 3439 triplosrom,

184 3461 268 3539 cujus
288 3460 420 3519 collirem
441 3459 565 3518 alterum
583 3460 611 3517 in
635 3457 815 3519 Bibliotheca
837 3456 988 3518 Arsenalis
1008 3458 1190 3536 parisiensis,
1208 3454 1262 3518 sub
1283 3456 1403 3531 nillil,

183 3557 268 3619 nobis
283 3558 421 3618 indicarit
435 3556 470 3617 ll.
492 3556 616 3631 Deniile,
639 3574 738 3616 rerum
761 3557 1010 3637 preclagogicarum
1033 3555 1121 3615 medii
1145 3556 1198 3615 aevi
1214 3556 1406 3633 investigator

183 3654 457 3734 diligentissimus&
476 3654 530 3726 Qui
548 3652 622 3714 liber
636 3652 672 3713 eb
690 3654 733 3713 liis
749 3652 881 3714 versibus
898 3653 1020 3732 incipit:

219 3829 308 3894 incipit
324 3828 470 3893 Trigiossos
485 3827 511 3877 iil
527 3831 567 3877 est
583 3826 649 3877 iiber
663 3827 741 3877 trium
752 3824 911 3889 linguarum,
929 3838 1009 3890 quom
1020 3824 1115 3876 librum
1130 3822 1194 3876 iecit
1211 3822 1295 3876 irater
1310 3822 1406 3877 Gerar·

183 3918 233 3969 dus
249 3918 281 3968 (ie
296 3917 378 3983 iioyo.

220 4007 315 4069 Pagina
327 4007 417 4057 diuina
432 4005 518 4057 tribus
534 4008 575 4056 est
592 4005 689 4066 irriguis
703 4006 813 4065 variata,

218 4095 323 4146 Scilicet
339 4093 445 4160 hebrea,
460 4105 539 4156 greca
555 4093 707 4158 pariterque
723 4091 811 4143 latina.

224 4253 350 4314 Primam
368 4250 444 4312 libri
463 4251 587 4328 triplossi
605 4259 717 4330 partem
739 4258 862 4330 occupat
882 4248 1000 4310 libellus
1021 4248 1057 4309 rie
1073 4248 1172 4326 lingua
1186 4245 1326 4309 hebraica
1341 4266 1406 4309 me-

183 4352 284 4427 tricus,
301 4350 459 4410 sarunilam
476 4357 504 4408 ot
522 4350 637 4408 tertiam
661 4354 801 4407 tractatus
817 4350 888 4408 item
904 4345 1020 4407 metrici
1036 4346 1072 4407 (le
1092 4346 1189 4425 lingua
1204 4363 1298 4424 graeca
1315 4354 1346 4407 et
1362 4345 1405 4407 lu-

223 4605 245 4654 l.
272 4603 409 4653 filemoires
427 4617 497 4666 perir
517 4608 602 4652 seroie·
621 4605 638 4650 ri
659 4602 790 4652 l’ira'sieire
812 4600 947 4651 littoreire
970 4601 1016 4652 des
1040 4602 1189 4664 Papa-lies.
1214 4606 1233 4651 t.
1255 4596 1285 4665 ti,
1309 4612 1333 4662 p.
1358 4600 1401 4649 ΤΞ.

184 4672 303 4739 (lemnii.
323 4678 399 4740 tica,
416 4676 494 4726 lurum
509 4672 594 4739 uias).

219 4748 243 4795 ἱ).
260 4746 338 4797 (lirici
354 4749 499 4797 chartaceus
513 4760 568 4796 sac
588 4758 627 4797 m.
642 4746 683 4795 iai.
703 4746 810 4795 ‘ri-toa.
