3180 5580
660 495 816 540 cornacus.
861 448 871 466 ⁰
1308 477 1343 537 ol

129 613 327 688 concinnavit,
345 613 421 692 quod
444 630 517 692 opus
538 630 601 672 eam
622 612 738 672 laudem
760 630 813 691 per
832 618 926 671 totum
947 610 1076 671 medium
1096 628 1189 671 aarum
1206 608 1346 684 obtinuit,

128 718 161 769 ιιι
176 710 253 779 ἰιιιει·
267 710 486 789 hieronymiana
502 717 720 769 recenseretur.
736 707 838 788 Neque
853 710 941 768 etiam
953 707 1053 767 fratris
1063 706 1222 768 'theobaldi
1238 725 1347 767 nomen

128 808 313 867 reticendum
338 816 394 882 ast,
416 808 466 886 qui
488 807 596 867 iratres
618 805 826 886 praedicatores
848 805 947 866 saecuti
969 804 1162 882 xrrrlinguam
1180 803 1346 864 hebraicam

127 903 238 980 docuit,
254 905 387 966 Talmudi
404 907 591 984 impugnator
605 905 779 964 acerrimus.

167 999 249 1061 lnter
272 1000 448 1063 christianos
471 1018 539 1060 vero
562 1001 666 1060 notitia
688 998 833 1060 hebraicae
854 1000 960 1078 linguae
981 1000 1143 1079 saepissimo
1165 1016 1200 1058 eo
1223 997 1281 1058 bne
1305 999 1347 1058 in·

128 1097 208 1159 clusa
225 1108 281 1175 est,
299 1107 332 1160 ut
345 1097 533 1180 alphabetum
551 1105 580 1158 et
595 1099 801 1158 tenuissimum
818 1097 964 1176 quoddam
979 1098 1178 1174 grammaticae
1193 1114 1349 1174 argumen-

124 1186 190 1256 ¹tum
206 1196 395 1257 docerentur.
414 1196 516 1269 Qualia
531 1214 612 1269 vero,
625 1194 770 1256 Ludovico
786 1194 824 1256 tx
840 1214 920 1272 rege,
933 1196 962 1254 in
978 1193 1173 1256 Universitate
1189 1193 1347 1254 Purisiensi

127 1293 272 1370 viguerint
296 1292 430 1354 hebraica
454 1293 562 1366 studia,
584 1311 619 1352 ει
641 1292 939 1369 Interpretatiaaibaa
961 1293 1118 1351 nomicum
1140 1292 1348 1352 hebraicarum

127 1389 314 1468 potissimum
334 1389 515 1470 exploratum
537 1388 690 1465 habemus,
707 1391 755 1469 qui
773 1389 890 1450 libellus
905 1407 958 1470 por
973 1388 1030 1449 duo
1047 1397 1075 1448 ot
1096 1388 1221 1468 amplius
1241 1387 1346 1449 saecula

128 1485 224 1548 Sacrae
240 1486 399 1567 Scriptura
415 1490 534 1549 comitis
550 1490 642 1548 instar
657 1490 739 1567 quasi
756 1487 909 1565 colligatus
925 1493 979 1547 est.

167 1584 239 1657 Quae
253 1586 390 1645 tirocinia
406 1584 570 1645 litterarum
587 1585 790 1645 hebraicarum
809 1603 842 1645 ea
858 1585 954 1645 studia
969 1584 1054 1662 longe
1069 1585 1214 1655 vicerunt,
1232 1602 1296 1663 qaae
1317 1585 1347 1642 in

126 1680 280 1741 ordinibus
296 1680 419 1741 fratrum
443 1682 672 1743 mendicantium
695 1683 871 1743 floruerunt.
887 1681 1004 1743 Fratres
1025 1683 1104 1742 enim
1127 1681 1346 1761 praedicatores,

127 1795 194 1837 com
215 1777 245 1837 in
265 1776 389 1837 assiduis
413 1779 490 1838 circa
505 1777 677 1840 Talmudem
698 1781 907 1840 controversiis
929 1797 996 1839 cum
1017 1776 1125 1841 ludaeis
1146 1784 1346 1851 versarentur,

127 1874 181 1934 hoc
197 1882 321 1952 egerunt
337 1881 369 1934 ut
384 1873 480 1934 studio
497 1874 603 1952 linguae
626 1875 772 1936 hebraicae
792 1875 948 1936 indefessis
963 1872 1112 1935 laboribus
1128 1872 1346 1934 incumberent.

126 1971 257 2044 Quorum
274 1971 438 2031 studiorum
455 1973 592 2052 princeps
607 1982 638 2032 et
652 1982 755 2033 auctor
769 1973 826 2033 luit
841 1972 922 2050 Hugo
938 1972 974 2032 de
991 1971 1021 2033 S.
1039 1971 1123 2032 Caro.
1136 1970 1237 2049 Neque
1250 1979 1347 2030 tamen

126 2068 295 2146 hujusmodi
320 2070 371 2128 viri
397 2086 473 2128 verae
498 2069 605 2130 indolis
630 2061 735 2148 linguae
760 2068 905 2131 hebraicae
930 2072 969 2129 ita
991 2077 1143 2148 compotes
1162 2067 1293 2144 luerunt,
1316 2075 1349 2128 ιιι

127 2166 213 2246 quale
228 2167 267 2226 sit
281 2165 446 2226 litterarum
463 2184 611 2226 sacrarum
637 2169 787 2244 ingenium
812 2176 891 2227 recte
914 2168 1069 2227 sentirent.
1092 2165 1154 2225 Hoc
1178 2183 1255 2225 ιιιιιιε
1278 2184 1347 2244 ρει·

127 2265 222 2345 spexit
245 2263 377 2342 llogerus
403 2264 489 2324 baca.
515 2262 604 2341 Cujus
628 2265 663 2324 ad
684 2264 844 2345 discipulos
868 2264 1002 2344 epistolae
1023 2264 1104 2340 (nam
1131 2264 1177 2321 vix
1200 2262 1235 2322 ad
1257 2262 1347 2321 alium

58 2418 68 2435 ,
132 2363 262 2422 revocari
278 2367 414 2441 possunt)
429 2363 538 2421 mirum
554 2370 692 2440 quantam
709 2362 833 2441 prodant
848 2364 1034 2440 antiquarum
1053 2378 1153 2421 rerum
1169 2362 1302 2420 notitiam
1319 2369 1349 2420 et

128 2477 216 2538 quam
233 2461 424 2519 exercitatum
441 2460 470 2518 in
487 2457 575 2518 rebus
590 2460 701 2519 criticis
717 2461 879 2536 ingenium.

165 2555 267 2636 Neque
282 2556 354 2617 illud
371 2555 655 2635 praetermittendum
668 2561 724 2631 est,
737 2556 841 2616 iisdem
854 2555 1037 2636 temporibus
1054 2564 1084 2615 et
1099 2555 1198 2615 forsan
1214 2552 1269 2614 sub
1286 2555 1348 2634 ipso

129 2651 431 2733 umbraculo-scholae
454 2651 623 2712 baconianae
642 2652 809 2712 inchoatam
830 2670 934 2712 novam
955 2652 1110 2731 quamdam
1133 2650 1228 2713 Sacrae
1251 2649 1349 2730 Scrip

128 2758 201 2810 ture
217 2749 437 2810 translationem
454 2767 487 2810 er
503 2747 653 2823 hebraico,
666 2747 829 2808 inauditum
846 2766 966 2828 prorsus
976 2767 992 2808 a
1004 2747 1187 2828 temporibus
1198 2749 1230 2809 B.
1243 2748 1349 2809 Hiero-

126 2847 207 2926 nymi
230 2848 392 2927 inceptum.
417 2845 554 2906 Nicolaus
579 2863 646 2905 vero
672 2844 813 2924 Lyramrs,
840 2847 901 2924 ipse
926 2845 1021 2905 ordini
1047 2845 1172 2905 fratrum
1197 2845 1346 2905 minorum

127 2943 270 3019 addictus,
284 2945 345 3023 jam
362 2952 499 3021 vergente
516 2943 613 3003 medio
629 2961 689 3002 aava
705 2942 740 3002 ad
757 2944 920 3022 principem
942 2942 1024 3002 illum
1041 2942 1228 3020 judaicorum
1245 2960 1348 3018 exege-

128 3050 222 3102 tarum
239 3039 426 3102 Salomonem
443 3040 605 3101 lsaacidem
623 3059 759 3101 reversus
776 3049 831 3117 εει,
849 3049 877 3101 ot
896 3049 972 3100 tanta
989 3041 1146 3099 autoritate
1163 3039 1228 3115 luit,
1246 3046 1278 3098 ut
1292 3039 1347 3098 hoc

128 3138 164 3200 de
180 3156 215 3199 eo
231 3140 260 3198 in
277 3138 465 3219 proverbium
483 3140 627 3199 eraserit:

565 3308 590 3360 Si
605 3310 669 3374 Lyra
685 3324 739 3361 non
753 3310 879 3377 lyrasset,

565 3398 693 3449 liutherus
708 3413 761 3450 uon
777 3398 909 3452 saltasset.

164 3551 265 3632 Neque
287 3553 359 3614 nihil
383 3553 480 3615 ellecit
500 3552 663 3616 Concilium
684 3555 864 3630 viennense,
888 3573 954 3615 cum
980 3555 1105 3615 solemni
1126 3554 1257 3631 decreto,
1282 3554 1349 3616 llai·

126 3649 235 3710 mundo
253 3650 315 3711 Lull
332 3651 485 3726 suadente,
504 3654 641 3732 praecipit
658 3659 690 3712 ιιι
709 3654 883 3729 abicumque
904 3653 1067 3713 Nonianum
1088 3655 1204 3712 cariam
1219 3655 1347 3713 residere

123 3749 289 3824 contigerit,
307 3766 361 3807 aaa
382 3767 441 3808 aare
463 3751 496 3808 ia
516 3750 690 3819 l'arieiaaai,
711 3750 885 3821 Oaariiaaai,
908 3751 1091 3811 Nonacrieaai
1110 3756 1138 3810 at
1157 3750 1346 3810 Salmantica

123 3845 240 3918 dodim,
258 3845 365 3906 scholio
381 3848 576 3923 erigerentur,
595 3856 624 3907 ot
638 3855 670 3907 ot
686 3850 718 3908 ia
734 3849 860 3924 qualibet
877 3849 1011 3908 lucarano
1028 3850 1160 3926 ipsoram
1175 3853 1348 3908 tenerentur

123 3943 183 4003 oiri
195 3943 336 4004 catholici
350 3945 538 4020 aatfficicatam
554 3945 692 4004 laetantes
711 3947 861 4019 hebraica,
877 3964 987 4022 praeca,
1004 3947 1130 4008 arabica
1145 3952 1172 4006 et
1187 3947 1347 4007 chaldaica

123 4040 296 4118 liapaaram
325 4043 479 4112 notitiam,
510 4043 567 4101 aaa
597 4044 731 4104 uidelicet
759 4047 992 4122 uniuscujusque
1022 4047 1130 4122 linqua
1157 4047 1265 4122 periti,
1296 4047 1347 4121 qai

123 4138 239 4198 cellolas
250 4144 383 4214 raperent
400 4139 486 4209 inibi,
504 4144 531 4198 et
547 4139 637 4199 libras
652 4143 685 4200 da
700 4141 812 4217 liapoia
829 4143 901 4218 iptio
918 4143 948 4202 io
964 4143 1093 4202 latinam
1107 4142 1235 4217 fideliter
1250 4147 1347 4200 trans·

122 4234 261 4311 ferentes,
279 4235 357 4294 alias
381 4236 502 4311 liapaaa
523 4236 602 4312 ipsos
622 4236 747 4296 sollicita
769 4239 915 4309 docerem,
936 4240 1024 4314 fidam
1047 4240 1243 4314 prapapatari
1265 4239 1348 4297 salra-

123 4332 215 4393 briter
234 4334 267 4393 io
287 4334 366 4410 ipsas
382 4333 507 4410 papulas
527 4334 688 4397 laedebat
709 4332 781 4393 Nam
805 4351 881 4393 anno
903 4334 991 4407 1319,
1013 4334 1163 4397 lohannes
1186 4334 1292 4397 Salvati
1309 4336 1345 4395 do

122 4428 200 4493 Nora
215 4430 290 4493 Villa
306 4429 405 4508 RegiS,
417 4429 544 4490 clericus
560 4430 744 4490 belvacensis
759 4430 906 4506 (linicasio,
923 4433 973 4507 pai
988 4432 1059 4492 alim
1075 4435 1109 4492 da
1120 4433 1250 4508 judaica
1265 4435 1346 4493 raeci-

122 4528 192 4589 tatia
214 4546 313 4588 errare
337 4531 375 4588 ad
392 4530 479 4604 fidam
500 4529 676 4588 catholicam
697 4548 728 4588 ec
747 4535 939 4603 caltararlarat,
964 4531 996 4589 ia
1016 4532 1129 4607 liapuia
1149 4536 1210 4591 lam
1233 4532 1344 4592 tctraa

121 4702 334 4713 n———u-

161 4816 183 4866 1,
201 4811 310 4866 coartat.
329 4814 397 4866 b'niv.
414 4813 503 4881 Paris,
520 4817 569 4866 695
588 4813 624 4873 ll.
644 4813 668 4866 b,
691 4813 776 4877 131‘2l.
794 4816 827 4870 ot.
846 4823 926 4883 notas,
944 4824 963 4871 ι.
982 4816 1011 4885 ll,
1027 4835 1049 4883 p.
1072 4821 1127 4871 155.
