3180 5580
183 471 220 530 2⁹2
389 489 427 531 ns
451 485 781 531 tununensramonrnus
803 485 942 529 uonrruuu
966 485 1193 531 unanimorum.

181 609 372 674 proprietatem
387 607 590 671 significationis
605 619 659 658 non
672 608 785 658 mutant.
800 605 876 656 l'erbi
891 606 976 668 gratia
990 607 1070 669 clepit
1085 621 1139 669 ayn
1150 607 1184 657 be
1198 606 1263 658 octo
1277 608 1306 660 in
1322 606 1404 660 latino

182 710 305 750 sermone
320 709 384 759 sepe
399 711 416 746 o
432 695 476 746 uel
491 709 504 744 e
522 694 566 746 uel
586 693 663 745 aliam
679 694 812 744 uocalium
828 691 1024 746 resonabunt...
1043 695 1108 747 Item
1127 709 1177 758 syo
1191 695 1257 746 sede
1271 709 1362 747 actaeo
1375 698 1402 748 et

181 785 232 837 alie
252 783 381 837 nonnulle
398 783 488 835 littere
507 784 534 834 in
550 783 633 834 latina
653 782 876 846 pronunciatione
896 787 1076 834 consonant...
1096 783 1168 842 Quod
1183 786 1213 835 nt
1228 784 1329 857 clarius
1342 797 1406 850 per-

182 874 274 925 uideas
294 873 448 924 necessaria
463 875 504 923 est
525 871 571 922 tibi
594 869 686 921 hebrei
707 871 806 921 noticia
826 867 965 921 allabeti...
990 869 1035 921 llic
1051 881 1115 932 ergo
1132 870 1180 922 tibi
1196 869 1282 923 lector
1296 869 1404 923 hebrai·

182 975 243 1013 cnm
258 962 427 1027 depingimus
444 959 589 1011 allabetum
606 974 612 1007 :

181 1084 266 1149 aleph.
307 1082 379 1134 betti.
419 1082 507 1145 gimel.
548 1081 645 1132 daleth.
685 1081 727 1132 be.
768 1094 829 1131 nau.
869 1093 952 1144 caym.
993 1080 1064 1132 heth.
1110 1079 1175 1133 teth.
1216 1082 1280 1135 ioth.
1320 1082 1399 1149 caph.

203 1178 250 1241 ‚tc
324 1175 371 1240 -2-
447 1175 477 1240 l.
572 1175 622 1236 .'t·
687 1174 726 1238 Π.
784 1175 809 1235 i.
898 1170 932 1237 t.
1009 1174 1049 1237 n.
1120 1175 1162 1240 b.
1239 1176 1263 1227 i·
1327 1173 1400 1287 Ῥ.

179 1289 274 1341 lamed.
323 1302 392 1340 men.
441 1301 505 1339 nun.
556 1288 671 1339 samech.
713 1302 770 1352 ayn.
811 1289 871 1352 pue.
922 1289 992 1339 sade,
1033 1288 1108 1354 coph.
1151 1301 1200 1340 res.
1242 1302 1302 1354 syn.
1342 1293 1398 1342 tau.

211 1348 255 1449 b·
316 1379 521 1472 raupa.
601 1379 651 1446 o·
720 1377 769 1460 u·
804 1376 889 1480 aps.
932 1379 1002 1474 pr·
1059 1384 1107 1473 p.
1166 1381 1203 1440 ·t.
1260 1384 1305 1447 aa.
1357 1384 1401 1448 o.

221 1542 333 1605 Deinde
349 1544 384 1605 ad
398 1546 457 1603 vim
474 1543 617 1603 vocalium
636 1544 837 1622 explicandam
853 1546 965 1623 pergit:

216 1718 244 1768 ln
264 1715 314 1768 hoc
330 1716 410 1782 plane
425 1713 540 1767 alfabeto
555 1715 582 1765 iu
599 1715 649 1765 hiis
664 1714 761 1766 litteris
782 1717 872 1780 preter
887 1728 943 1764 acac
960 1718 986 1766 et
1000 1714 1058 1764 iotb
1075 1714 1149 1766 nulla
1170 1716 1272 1768 uocalis
1293 1722 1343 1784 est,
1361 1725 1403 1772 set

181 1817 273 1856 omues
289 1807 361 1855 recte
376 1807 464 1855 mutas
479 1803 591 1854 dixerim
605 1807 631 1854 et
647 1804 780 1868 elingues,
796 1816 828 1855 eo
843 1804 915 1868 quod
933 1816 981 1868 per
995 1816 1025 1854 se
1040 1815 1134 1854 uocem
1145 1817 1199 1856 non
1213 1805 1337 1871 habeant,
1351 1821 1403 1861 nee

181 1904 230 1957 per
243 1905 272 1943 se
287 1904 382 1943 sonum
396 1892 493 1943 iaciant
509 1892 536 1941 in
552 1890 699 1956 scripturis.
714 1891 845 1943 Benettcio
860 1894 948 1943 tamen
965 1891 1053 1942 alieno
1071 1891 1204 1957 loquelam
1218 1895 1362 1960 recipiunt,
1375 1902 1403 1950 et

581 3181 661 3227 Codex
675 3178 734 3226 nint.
746 3181 797 3226 Not.
809 3183 849 3227 lat.
861 3188 894 3234 36,
908 3182 948 3227 iot.
960 3187 1006 3227 bii.

184 3313 318 3367 additione
341 3317 515 3381 quorumdam
537 3322 697 3381 punctorum
719 3319 744 3367 et
771 3317 937 3381 uirgutarnm
961 3332 1014 3385 qrie
1036 3335 1069 3370 ex
1093 3321 1261 3373 institutione
1284 3321 1407 3385 primeca

184 3403 315 3454 uocalium
336 3405 422 3456 uicem
441 3408 533 3457 tenent
553 3405 579 3455 iu
601 3418 681 3456 noces
701 3417 732 3455 uc
754 3418 834 3459 sonos
853 3412 985 3460 exeunt...
1008 3408 1054 3460 liic
1075 3422 1139 3472 crgo
1161 3408 1206 3460 tibi
1228 3408 1336 3461 uocales
1356 3421 1407 3474 per

184 3497 281 3553 puncta
296 3497 323 3544 et
338 3492 457 3557 uirgutas
477 3498 656 3545 monstramus
674 3509 679 3542 ε

329 3613 351 3650 a.
410 3614 432 3651 a.
490 3614 513 3651 e.
554 3612 594 3652 'e.
653 3600 668 3650 i.
727 3615 750 3651 o.
808 3614 831 3653 o.
890 3618 915 3654 u.
974 3604 1034 3655 ent.
1101 3618 1142 3655 eu.
1211 3617 1252 3654 eu.

326 3685 354 3714 τι
409 3685 427 3695 -
487 3687 506 3700 ··
657 3693 663 3704 ·
729 3684 759 3716 τ’
898 3689 904 3698 ·
1221 3688 1239 3703 ·

223 3822 392 3904 Sequuntur⁸
407 3845 496 3906 pauca
513 3827 645 3906 quaedam
662 3826 698 3887 de
713 3826 902 3904 grammatica
922 3847 927 3884 :

219 3996 351 4049 llictiones
366 3997 525 4062 incipientes
539 4010 588 4063 per
604 4008 663 4047 ritca
679 3996 770 4048 multis
786 3998 812 4047 iu
830 3995 894 4047 locis
910 3998 1056 4061 composite
1068 3999 1151 4063 accipi
1163 4002 1264 4066 queunt
1281 3996 1405 4054 simulac

183 4084 327 4148 simplices,
351 4090 377 4136 et
397 4085 538 4151 aliquando
560 4086 596 4136 ibi
617 4085 678 4137 tacit
699 4100 757 4135 brea
778 4086 811 4137 ad
831 4086 1034 4148 siguitcationis
1055 4091 1236 4151 augmentum,
1259 4088 1405 4155 aliquando

183 4184 247 4223 uero
263 4173 338 4236 qrrasi
355 4172 475 4224 sillabica
491 4173 604 4225 adiectio
620 4178 668 4227 cst,
687 4174 722 4225 be
744 4174 906 4226 dictionibus
922 4188 1027 4241 quoquc
1049 4175 1239 4241 incipientibus
1262 4176 1295 4228 ab
1310 4178 1402 4242 clepit.

184 4260 247 4310 iotb.
266 4274 334 4312 nara.
353 4265 409 4311 tou.
429 4261 461 4310 be
477 4267 504 4313 ut
523 4260 592 4313 idem
609 4264 714 4314 sencias
729 4265 909 4315 admonemus.
929 4265 992 4316 item
1002 4266 1132 4317 dictiones
1148 4267 1288 4317 terminate
1303 4261 1330 4317 in
1346 4280 1401 4317 cru.

184 4405 318 4413 ——..
333 4407 337 4411 .

222 4502 242 4548 1.
259 4498 377 4550 Punctum
393 4501 440 4550 sub
455 4500 559 4563 virgula.

218 4572 242 4619 t.
259 4570 347 4621 Puncta
363 4572 410 4620 duo
425 4572 472 4620 sub
487 4572 591 4633 ilipula.

218 4644 242 4693 3.
261 4640 359 4690 Videtur
373 4644 458 4692 noster
469 4643 500 4692 ad
514 4656 547 4692 en
562 4644 588 4692 in
603 4645 628 4693 3Ι
645 4657 708 4704 pera.
723 4644 785 4706 plur.
799 4645 908 4695 alludere
924 4649 1037 4706 (secent,
1052 4643 1181 4706 portent),
1200 4644 1315 4695 deuteras
1330 4647 1406 4698 etiam

181 4725 236 4761 cum
251 4713 290 4762 bis
305 4726 333 4762 ea
347 4724 402 4776 quie
417 4713 532 4775 leguntur
545 4715 570 4763 in
586 4715 728 4776 prtetatione
743 4714 947 4764 detractionem
963 4716 996 4763 rte
1012 4717 1118 4764 Yutrnut
1134 4712 1169 4777 (b.
1188 4715 1214 4766 λ’.
1235 4716 1277 4766 tat.
1307 4718 1405 4777 loica,

182 4784 222 4834 tol.
242 4785 255 4833 2
272 4780 309 4845 νο)
322 4785 351 4833 de
365 4796 437 4845 reon,
455 4785 519 4845 qarod
540 4802 549 4825 ι
568 4786 633 4834 inter
647 4798 661 4831 e
676 4789 699 4834 et
714 4798 747 4833 eo
765 4788 872 4836 medium
894 4787 966 4836 babet
985 4799 1072 4836 sentim
1088 4787 1152 4836 sicut
1169 4788 1193 4836 in
1208 4786 1295 4850 gallico
1313 4803 1335 4836 ι.
