3180 5580
390 494 427 536 DE
450 493 782 538 tureueuarartomuus
805 495 1042 539 eautstartSteus.
1290 479 1322 541 Ἡ

111 609 182 667 teris
201 605 358 687 alphabeti,
380 625 395 666 a
415 608 445 671 S.
462 608 640 687 Hieronymo
656 611 773 689 petitas,
790 609 906 670 schedis
921 612 983 670 suis
1004 612 1176 690 opportunis
1192 610 1267 671 loeis
1288 613 1332 672 in-

109 704 213 765 seruit.
231 704 376 764 Virtutem
393 708 480 765 etiam
497 705 642 788 litterati
660 705 734 766 bene
756 714 939 786 perspectam
961 707 1067 767 habere
1088 708 1215 782 videtur,
1241 727 1268 768 e.
1285 727 1329 786 gr.

111 803 141 860 in
157 800 245 860 verbo
265 801 425 860 Gomora¹t

147 952 176 1006 m
192 954 330 1005 sciendum
345 955 416 1020 quod
431 954 479 1006 hoc
496 968 592 1005 nomen
610 955 635 1005 in
651 955 775 1007 trebraico
792 968 845 1006 non
862 956 941 1008 habet
960 972 991 1019 ,9,
1006 957 1132 1017 litteram,
1150 961 1190 1008 set
1206 957 1331 1008 scribitur

111 1054 160 1105 per
175 1042 296 1094 uocalem
311 1058 373 1105 epra
387 1046 413 1094 et
429 1043 525 1094 dicitur
544 1047 663 1106 ,tpnmra

152 1179 220 1240 Haec
236 1181 378 1259 majorem
395 1191 506 1259 partem
523 1200 538 1240 e
554 1181 584 1243 S.
602 1181 780 1260 Hieronymo
797 1184 888 1260 petita
905 1191 984 1257 sunt,
998 1182 1048 1242 sed
1065 1181 1151 1241 verbo
1167 1203 1172 1241 :
1186 1185 1332 1242 etdieitor

110 1275 238 1352 Apmore
253 1285 354 1338 noster
368 1277 404 1336 de
419 1296 472 1338 suo
487 1277 610 1352 addidit,
627 1278 704 1338 unde
721 1280 969 1358 pronuntiationis
984 1276 1130 1337 hebraice
1151 1279 1257 1356 linguae
1272 1298 1331 1340 non

112 1374 222 1432 inscius
237 1373 327 1434 luisse
344 1374 523 1453 reputandus
539 1380 593 1434 est.
611 1373 734 1434 Videtur
748 1375 972 1454 glossographus
988 1380 1090 1433 noster
1109 1373 1145 1433 de
1161 1375 1281 1449 suffixis,
1300 1385 1332 1435 ut

111 1467 248 1544 dicimus,
265 1467 469 1543 Hebraeorum,
486 1469 522 1529 de
538 1471 574 1530 iis
590 1471 737 1550 praecipue
753 1469 860 1549 quibus
883 1473 1058 1549 pronomina
1080 1470 1258 1543 indicantur,
1281 1471 1333 1531 ali-

111 1583 197 1643 quam
213 1564 321 1625 habere
337 1567 470 1624 notitiam
484 1573 514 1624 et
529 1565 648 1644 pluralis
663 1568 780 1625 numeri
797 1569 1036 1626 terminationem
1054 1564 1129 1625 bene
1145 1568 1237 1626 novit.
1255 1567 1333 1627 Prae-

113 1673 191 1724 terea
208 1665 231 1724 si
249 1682 361 1742 quaeras
376 1664 444 1743 quid
461 1663 496 1723 de
513 1682 566 1723 suo
584 1663 641 1723 illis
655 1664 759 1739 glossis
775 1663 933 1739 addiderit,
951 1683 1021 1743 quas
1038 1682 1072 1724 on
1087 1665 1210 1725 diversis
1222 1663 1252 1726 S.
1264 1664 1334 1725 Hie-

111 1764 226 1841 ronpmi
256 1760 394 1842 operibus
419 1761 593 1841 desumpsit,
614 1761 684 1821 illud
704 1760 756 1820 tibi
782 1760 946 1841 apparebit,
974 1763 1036 1822 lere
1063 1762 1218 1822 dimidium
1243 1764 1332 1822 totius

111 1860 209 1937 operis
224 1858 259 1918 ad
275 1858 363 1918 alium
380 1858 610 1918 iontemredire.
622 1856 693 1917 Nam
707 1857 812 1931 inillis,
825 1876 889 1936 quae
901 1857 936 1917 ab
949 1858 1129 1937 Hieronymo
1140 1856 1235 1916 aliona
1251 1865 1331 1933 sunt,

111 1955 222 2014 eaedem
238 1953 382 2014 hebraice
397 1955 510 2015 radices
526 1954 631 2014 iisdem
652 1953 751 2013 latinis
766 1952 886 2014 vocibus
907 1963 1049 2034 perpetuo
1070 1954 1267 2028 declarantur,
1291 1957 1330 2014 ita

112 2058 142 2108 ut
157 2049 350 2127 glossatorem
366 2059 499 2110 nostrane
516 2051 618 2111 eredas
635 2050 762 2110 tabulam
787 2051 942 2128 quamdam
970 2051 1101 2111 radicum
1127 2048 1332 2110 hebraicarum

112 2145 247 2206 manibus
278 2149 420 2220 tenuisse,
444 2150 471 2207 ei
501 2167 559 2207 non
589 2148 767 2218 absimilem,
794 2166 880 2227 quam
909 2150 937 2206 in
962 2148 1103 2224 glossario
1126 2148 1333 2209 abrincatensi

113 2246 287 2323 reperimus,
305 2243 360 2306 Sed
377 2243 550 2305 haecomnia
566 2263 625 2306 non
642 2247 692 2319 ita,
705 2253 737 2304 ut
749 2243 831 2318 fecit,
844 2253 1004 2304 retractare
1020 2246 1176 2324 potuisset,
1196 2246 1252 2305 nisi
1273 2263 1333 2304 non

115 2349 227 2399 tantum
244 2338 388 2421 alphabeti
409 2339 550 2415 hebraici,
572 2342 623 2402 sed
643 2343 730 2402 etiam
750 2343 949 2419 grammaticae
964 2339 1091 2421 aliquam
1117 2341 1239 2421 adeptus
1256 2347 1334 2401 esset

114 2439 259 2498 notitiam.
278 2438 368 2498 Porro
386 2440 503 2497 tenuior
527 2439 586 2512 illa,
603 2458 690 2518 quam
712 2438 850 2513 dicimus,
868 2437 973 2515 linguae
997 2435 1142 2497 hebraicae
1165 2440 1286 2498 scientia
1304 2439 1333 2497 in

113 2532 233 2592 homine
258 2532 416 2593 Parisiensi
440 2533 538 2593 saeculi
562 2550 616 2594 xrn
641 2537 711 2613 quin
734 2535 858 2614 reperiri
884 2535 1023 2612 potuerit,
1048 2534 1120 2593 nihil
1143 2534 1249 2594 obstat.
1275 2532 1334 2594 Nos

114 2637 224 2703 autem,
243 2649 299 2709 quo
321 2638 453 2708 tempore
473 2629 735 2709 luterpretationos
761 2640 869 2690 nostrae
891 2631 1068 2709 parisienses
1084 2632 1113 2689 in
1135 2630 1231 2690 lucem
1247 2629 1334 2689 editae

114 2729 184 2801 sint,
201 2746 279 2787 nunc
294 2745 469 2806 quaeramus.

155 2823 254 2883 Exstat
269 2825 298 2882 in
314 2841 373 2882 uno
390 2820 490 2881 codice
508 2821 661 2900 parisiensi
677 2820 727 2897 36,
745 2821 796 2880 iol.
813 2823 871 2882 355
893 2829 929 2896 r⁰,
947 2822 1003 2881 col.
1019 2821 1062 2898 2¹,
1080 2830 1146 2901 post
1163 2820 1280 2881 easdem
1297 2820 1333 2880 de

115 2917 221 2997 quibus
242 2919 328 2979 nobis
351 2923 473 2998 quaestio
495 2927 540 2979 est
559 2920 835 3000 interpretationes,
859 2917 976 2978 libellus
995 2918 1112 2997 quidam
1136 2920 1185 2996 qui
1208 2918 1332 2991 nemini,

116 3022 223 3096 praeter
238 3035 305 3077 eum
322 3035 409 3095 quem
425 3015 497 3076 nihil
514 3015 587 3093 lugit
602 3016 633 3077 L.
651 3015 773 3088 Delisle,
789 3032 867 3074 curae
882 3015 947 3075 luit.
965 3013 1020 3085 em
1041 3015 1149 3073 mirum
1166 3014 1196 3072 in
1214 3011 1333 3071 modum

116 3132 182 3172 eum
200 3115 493 3193 interpretationibus
509 3116 617 3174 nostris
633 3114 777 3189 congruit,
789 3131 883 3192 neque
899 3112 977 3172 aliud
988 3121 1032 3172 est
1043 3130 1129 3191 quam
1142 3119 1281 3170 tractatus
1297 3109 1334 3168 de

116 3213 354 3287 pronuntiatione
374 3209 518 3271 hebraicae
540 3212 654 3288 lingere.
678 3211 788 3270 Auctor·
807 3228 875 3268 vcro
899 3210 928 3267 in
949 3210 1012 3287 ipso
1033 3209 1178 3286 principio
1200 3205 1336 3266 lucubra-

117 3307 205 3365 tionis
224 3325 284 3366 suae
300 3326 331 3367 se
347 3309 441 3387 ipsum
457 3309 718 3388 luterpretationos
734 3305 872 3386 quasdam
889 3307 1042 3365 uonrinum
1054 3301 1260 3363 hebraicorum
1274 3301 1335 3361 edi-

115 3400 194 3461 disse
210 3403 374 3481 profitetur,
392 3412 423 3464 ut
439 3424 472 3463 ex
488 3403 679 3484 sequentibus
694 3412 831 3484 apparet:

451 3569 587 3607 PROLOGUS
607 3570 689 3607 SUPER
708 3569 1005 3633 Intent‘nerartuxlutts.

153 3671 291 3720 ltiserante
312 3670 419 3721 Domino
440 3670 561 3722 hebraice
582 3670 732 3722 litterature
752 3670 915 3736 aliquantam
930 3670 1018 3734 adepti
1040 3671 1161 3721 notitiam
1178 3671 1204 3718 et
1222 3680 1269 3731 per
1288 3665 1337 3716 hcc

118 3759 257 3809 iteritatom
273 3758 466 3823 scripturarum
478 3763 504 3810 et
515 3759 735 3823 significationem
746 3758 891 3809 dictionum
901 3761 1000 3810 certius
1012 3760 1218 3821 cognoscentes,
1232 3753 1337 3805 hebrai-

118 3859 210 3896 corum
226 3846 360 3896 irruuinum
376 3847 609 3911 interpretationes
625 3846 657 3896 ad
672 3860 751 3897 suum
766 3847 868 3897 lontcm
882 3847 1012 3898 reducere
1027 3834 1203 3911 preoptamus
1210 3884 1292 3901 .....

157 3983 230 4044 Tum
245 3984 279 4044 ad
297 3985 398 4044 uallem
414 3985 602 4065 exprimenda
618 3984 829 4063 proceditque
845 3986 875 4044 in
886 3983 1183 4064 interpretationibus
1195 3988 1338 4066 parisien-

118 4080 198 4142 sibus
215 4080 306 4160 probe
318 4084 482 4142 notavimus
495 4104 502 4144 ε

154 4236 217 4293 Quia
237 4236 307 4301 apud
328 4235 443 4287 Hebreos
462 4235 645 4287 diuersitatem
664 4236 889 4300 significationum
910 4237 935 4285 iu
958 4234 1059 4285 eisdem
1084 4235 1157 4286 sonis
1174 4249 1205 4286 ac
1226 4236 1338 4287 uocibus

119 4338 183 4390 sepe
199 4326 261 4377 tacit
277 4327 418 4376 ‹ttuersitas
439 4325 591 4388 figurarum.
610 4324 706 4389 Nempe
728 4327 754 4376 in
770 4325 901 4388 ydiomate
916 4322 1040 4374 hebraico
1057 4322 1148 4387 plures
1167 4327 1232 4375 suut
1251 4324 1339 4376 littere

118 4428 248 4479 quocum
268 4415 300 4466 ad
321 4413 428 4465 latinam
447 4413 696 4477 pronunciationem
715 4415 855 4465 transeunt
875 4411 946 4462 idem
966 4417 1072 4473 sonant,
1094 4414 1134 4462 set
1159 4425 1208 4476 per
1225 4411 1275 4464 troc
1290 4425 1339 4464 aue

157 4653 180 4704 t.
198 4653 230 4704 Er
244 4656 298 4706 cod.
315 4653 341 4705 li.
356 4653 382 4704 il.
402 4657 443 4704 36.
461 4651 518 4704 l'ide
532 4655 605 4704 etiam
620 4653 849 4705 dissertatiuncntus
865 4654 894 4704 de
915 4653 998 4704 littera
1011 4666 1038 4716 p,
1062 4655 1092 4704 de
1112 4654 1206 4716 duplici
1230 4653 1360 4716 adspira,

120 4726 186 4776 tione
199 4725 269 4785 heth,
283 4727 312 4775 de
328 4726 406 4775 tribus
420 4724 605 4776 characteribus
620 4725 741 4776 hebraicis
754 4725 843 4776 littere
857 4725 940 4775 latina
955 4738 977 4785 s,
994 4725 1111 4784 seruech,
1133 4727 1178 4773 stra
1199 4725 1236 4775 vet
1253 4737 1300 4774 seu
1316 4727 1340 4774 et

120 4795 195 4857 sorte,
211 4798 268 4847 item
286 4797 310 4846 in
325 4795 406 4846 vorbis
420 4795 507 4845 Gotho
522 4797 546 4846 et
561 4795 646 4847 Roob.
