3180 5580
255 459 293 518 58
790 477 944 521 nemaeus.

254 608 343 665 paam
358 593 487 651 oboldaco
500 592 679 668 sccffloicetcr
694 593 865 664 instructus,
878 591 991 651 litteras
1006 591 1146 654 lobannis
1157 608 1240 671 papae
1249 590 1327 652 xxti
1338 593 1479 671 impetra·

229 748 231 753 ,
255 689 305 761 vit,
324 689 461 767 episeopo
485 688 641 748 parisiensi
663 688 842 766 injungentis
868 695 898 747 ut
922 690 1023 765 cipro
1048 688 1232 748 scholaribus
1251 690 1422 749 crudiendis
1440 689 1478 751 de

256 786 378 863 pecunia
404 787 582 865 competenti
614 786 833 866 provideretur,
860 805 955 865 neque
981 788 1081 846 omisit
1109 805 1181 867 papa
1211 789 1282 866 quin
1307 786 1479 866 diligentius

256 881 418 959 inquireret
437 884 464 941 ei
487 883 635 942 ecbolcrca
658 883 811 943 auditores
834 884 979 943 babeot1.
1005 882 1061 944 Sed
1087 882 1158 943 illud
1179 884 1276 963 potius
1299 885 1478 963 spectavisse

255 977 389 1037 videntur
405 978 444 1038 illi
461 981 510 1057 qui
526 980 622 1039 studia
644 980 798 1039 orientalia
819 979 937 1040 Parisiis
961 982 1212 1055 instauraverunt,
1235 989 1267 1040 ut
1287 980 1477 1042 christianam

256 1074 426 1152 religionem
450 1078 478 1135 in
499 1078 622 1136 orientis
642 1076 774 1155 partibus
793 1077 980 1156 ampliarent,
999 1078 1036 1136 ita
1059 1086 1091 1137 ut
1110 1078 1268 1152 collcpiunc
1289 1077 1361 1138 illud
1381 1080 1480 1139 orica-

253 1172 324 1244 tolc,
346 1171 382 1231 de
403 1190 459 1251 quo
480 1190 557 1251 saepe
575 1192 621 1232 res
641 1174 729 1248 suit’,
754 1191 821 1233 vere
842 1174 975 1252 quaedam
996 1155 1085 1234 deols
1103 1176 1153 1234 dca
1174 1176 1297 1251 lanpucc
1316 1162 1478 1236 orientales

254 1270 385 1327 arietantes
405 1287 457 1329 seu
477 1272 527 1329 dcc
546 1271 684 1330 missione
699 1275 869 1347 ttroopbrcs
885 1270 941 1330 diei
959 1272 1062 1351 possit.
1081 1269 1226 1331 Caeterum
1242 1271 1278 1331 de
1294 1271 1403 1333 scholis
1418 1272 1477 1333 illis

254 1364 445 1425 orientalibus
461 1366 530 1425 rrihil
547 1367 692 1441 attulimus,
706 1369 761 1427 nisi
778 1367 904 1427 lectores
920 1368 1073 1444 aegerrime
1090 1366 1238 1428 lahorasse
1254 1376 1288 1427 ut
1302 1370 1390 1428 victui
1405 1388 1480 1449 quo·

253 1461 362 1520 lidiane
388 1462 602 1541 provideretur,
627 1482 722 1542 neque
748 1463 783 1523 ad
809 1464 1024 1544 propagandam
1051 1463 1139 1522 sidem
1166 1463 1291 1523 multum
1316 1465 1477 1527 contulisse

254 1553 399 1628 videntur,
416 1571 483 1613 eum
499 1573 546 1614 res
563 1555 652 1615 ardua
668 1558 716 1629 sit,
735 1556 857 1616 militem
875 1556 1067 1616 christianum
1084 1557 1249 1616 instituere.

294 1650 394 1730 Neque
419 1653 506 1711 etiam
532 1652 712 1714 nostratibus
743 1661 801 1713 tam
831 1654 925 1714 defuit
954 1654 1057 1713 notitia
1084 1651 1230 1713 hebraice
1254 1652 1362 1731 linguae
1388 1672 1476 1733 quam

254 1765 367 1824 graecae.
385 1747 414 1809 Si
431 1750 509 1807 enim
533 1749 562 1808 in
582 1751 770 1809 correctoriis
785 1751 895 1809 nostris
917 1749 1029 1810 Novum
1047 1748 1269 1809 Testamentum
1286 1768 1354 1809 cum
1368 1748 1477 1812 Vetere

254 1846 479 1923 comparaveris,
492 1862 552 1904 nou
568 1845 715 1906 mediocre
731 1849 841 1907 senties
857 1848 936 1906 inter
951 1855 1109 1924 utrumque
1121 1864 1186 1905 esse
1201 1844 1373 1921 discrimen,
1385 1864 1477 1925 quum

254 1938 343 1998 iidem
360 1939 402 1999 illi
415 1959 488 2018 quos
504 1941 533 1999 in
549 1940 686 2002 hebraico
704 1945 859 2020 magistros
876 1960 942 2003 esse
958 1943 1070 2021 experti
1087 1959 1200 2016 sumus,
1214 1942 1244 1999 in
1258 1960 1353 2019 graeco
1369 1943 1415 2002 vix
1429 1960 1480 2002 su-

254 2054 305 2115 pra
321 2037 431 2096 tirones
452 2039 613 2098 emineant.
630 2040 666 2100 Et
681 2038 736 2099 lroc
753 2040 863 2099 infelici
885 2038 1004 2118 quidem
1024 2039 1084 2098 sato
1105 2039 1221 2099 accidit.
1239 2037 1376 2101 Studium
1398 2040 1477 2100 enirn

253 2130 457 2192 hebraicarum
473 2133 638 2195 litterarum
655 2154 737 2215 paene
755 2143 848 2195 tetram
865 2136 895 2195 in
911 2135 1069 2195 tradit-ione
1085 2134 1266 2209 versabatur,
1280 2143 1310 2194 et
1325 2136 1354 2193 in
1370 2134 1479 2196 scholis

253 2227 445 2289 Hebraeorum
469 2230 515 2290 illa
539 2250 657 2311 sevnpcr
682 2234 782 2293 tloruit
805 2232 923 2294 Sacram
947 2231 1129 2311 Scripturam
1152 2232 1364 2311 interpretandi
1390 2234 1477 2307 ratio,

253 2344 318 2405 quae
334 2345 348 2386 a
364 2325 496 2406 patribus
511 2338 631 2407 accepta
648 2337 721 2401 erat,
735 2349 841 2409 nempe
852 2329 1005 2406 allegorica
1022 2337 1052 2388 et
1067 2347 1083 2388 a
1098 2347 1187 2389 sensu
1200 2329 1307 2390 litterae
1320 2329 1479 2410 plusaequo

254 2422 405 2483 resedens
424 2423 523 2486 Graeca
547 2443 619 2483 vera
645 2426 742 2503 lingua
764 2445 860 2505 neque
874 2426 1001 2503 glossam
1026 2426 1107 2485 novit
1131 2444 1228 2505 neque
1252 2425 1479 2487 auetoritatibus

254 2522 386 2595 inservit,
404 2527 432 2580 et
447 2520 558 2581 liberos
580 2521 714 2582 homines
731 2524 809 2583 iacit.
828 2523 864 2584 Et
879 2523 941 2583 iraec
957 2540 1044 2581 causa
1059 2521 1126 2597 init,
1144 2540 1234 2601 qnare
1250 2540 1323 2582 nova
1345 2531 1479 2603 tempora

255 2636 314 2676 non
334 2618 410 2678 Baco
432 2620 618 2695 instauraret,
636 2620 686 2680 sed
708 2619 859 2680 Erasmus.
886 2619 938 2680 llle
958 2621 1058 2679 doctor
1077 2621 1225 2679 mirabilis
1246 2619 1314 2695 tuit,
1336 2619 1384 2680 hic
1404 2638 1480 2699 proe-

256 2721 358 2794 ceptor
373 2717 489 2792 generis
505 2717 635 2778 humani.

860 2851 926 2911 Vror
950 2866 986 2910 nc
1010 2866 1161 2911 runnnnv:

748 2947 869 3006 lutetiae
885 2945 1076 3019 Parisiorum,
1093 2945 1282 3019 inserimur,

666 3099 670 3105 .
722 3070 746 3107 a.
763 3055 786 3105 d
806 3055 831 3104 ll'
848 3056 932 3106 Nonas
947 3059 1021 3107 nrart.
1040 3070 1100 3107 anu.
1120 3054 1300 3120 lleCGXGlll,

548 3151 709 3210 lbrultolis
726 3152 903 3209 Litterarum
919 3152 1126 3210 enneaconta
1143 3151 1309 3211 l'crisicoer'
1324 3150 1475 3225 decenos,

916 3265 948 3325 il.
973 3265 1100 3326 tlltttv.

385 3397 473 3458 Tvrvs
496 3412 686 3457 vraunerun:

293 3494 455 3556 Academiae
470 3494 649 3553 l’oriecenoin
664 3494 779 3565 doctor,

454 3598 614 3673 nvivium.

255 3770 465 3779 —.-.—-..—-.

292 3875 313 3923 t.
331 3871 432 3935 ilonitle,
449 3877 509 3939 777,
527 3877 575 3923 tuti
592 3880 616 3925 et
628 3878 693 3931 8572
709 3873 837 3938 bourdain,
855 3874 892 3920 llo
911 3874 1008 3935 rotlbpe
1025 3874 1141 3923 orberttol
1160 3874 1176 3921 b
1196 3875 1290 3933 Portu
1305 3872 1336 3924 ct.
1362 3870 1473 3938 lienibus,

256 3942 315 4007 180,
332 3944 380 3994 bit
397 3949 420 3994 et
436 3948 494 3994 illl.
513 3946 536 3994 Si
552 3947 590 3995 cni
607 3945 686 4008 placet
700 3946 728 3995 do
743 3946 856 3994 methona
871 3946 944 3994 studii
960 3945 1066 3994 hebraici
1085 3945 1150 3995 inter
1169 3945 1316 3995 christianos
1330 3944 1471 4009 inquirere,

254 4015 361 4064 codicem
385 4014 410 4065 B.
433 4014 458 4065 b'.
485 4017 553 4066 herbr.
583 4018 631 4066 tta
651 4018 732 4079 adeat,
758 4016 798 4065 ubi
821 4015 960 4066 tirvmculus
982 4016 1081 4078 quidam
1099 4029 1192 4065 mir-ru
1215 4016 1298 4065 saeculi
1318 4028 1376 4066 eum
1398 4015 1476 4067 verba

253 4085 361 4147 magistri
376 4086 476 4136 sedulus
491 4089 622 4149 exciperet,
639 4088 737 4149 psalmis
753 4101 787 4135 rx
801 4087 899 4137 notulas
914 4090 963 4138 lam
979 4088 1067 4137 latinas
1082 4100 1154 4149 quam
1170 4087 1270 4149 gallicas
1283 4086 1428 4149 adscripsit.

290 4160 313 4206 2.
332 4154 365 4206 lle
385 4155 488 4219 Golquiu
504 4157 782 4221 Constantinopolitano,
798 4161 825 4206 tu
843 4160 897 4205 ricc
912 4161 973 4206 sitve
988 4159 1089 4219 Capite,
1111 4171 1194 4221 propo
1205 4157 1328 4220 plateam
1347 4156 1475 4207 Marcbert

254 4228 376 4291 instituto,
391 4228 507 4291 legumus
521 4230 640 4291 imprimis
654 4229 680 4280 A.
697 4228 808 4289 lutrano,
826 4242 864 4291 op.
882 4229 912 4293 l,
930 4243 952 4291 p.
970 4231 984 4277 3
1000 4233 1022 4279 et
1043 4230 1082 4278 te.
